date_num,date,best_ask_price,best_ask_size,best_bid_price,best_bid_size,ask_total_size,bid_total_size,ask_weighted_average_price,bid_weighted_average_price,best_mid_price,mid_weighted_average_price
1516573202.0,2018-01-21 22:20:02.000000,1226190,1000000,1225950,250000,1000000,250000,1226190.0,1225950.0,1226070.0,1226070.0
1516573202.0,2018-01-21 22:20:02.000000,1226190,1000000,1225990,1000000,1000000,1250000,1226190.0,1225982.0,1226090.0,1226086.0
1516573202.3,2018-01-21 22:20:02.300000,1226200,1000000,1225990,1000000,1000000,1250000,1226200.0,1225982.0,1226095.0,1226091.0
1516573202.3,2018-01-21 22:20:02.300000,1226200,1000000,1226000,1000000,1000000,1250000,1226200.0,1225990.0,1226100.0,1226095.0
1516573217.5,2018-01-21 22:20:17.500000,1227300,1000000,1225960,250000,1000000,1250000,1227300.0,1225080.0,1226630.0,1226190.0
1516573218.1,2018-01-21 22:20:18.100000,1226410,1000000,1225960,250000,2000000,1250000,1226855.0,1225080.0,1226185.0,1225967.5
1516573219.3,2018-01-21 22:20:19.300000,1226410,1000000,1224860,1000000,4000000,1000000,1226662.5,1224860.0,1225635.0,1225761.25
1516573219.3,2018-01-21 22:20:19.300000,1226410,1000000,1225950,250000,4000000,1250000,1226662.5,1225078.0,1226180.0,1225870.25
1516573227.1,2018-01-21 22:20:27.100000,1226410,1000000,1224860,1000000,4000000,1000000,1226662.5,1224860.0,1225635.0,1225761.25
1516573231.1,2018-01-21 22:20:31.100000,1226410,1000000,1225950,250000,4000000,1250000,1226662.5,1225078.0,1226180.0,1225870.25
1516573232.1,2018-01-21 22:20:32.100000,1226410,1000000,1224860,1000000,4000000,1000000,1226662.5,1224860.0,1225635.0,1225761.25
1516573232.1,2018-01-21 22:20:32.100000,1226410,1000000,1225940,250000,4000000,1250000,1226662.5,1225076.0,1226175.0,1225869.25
1516573232.1,2018-01-21 22:20:32.100000,1226410,1000000,1224860,1000000,4000000,1000000,1226662.5,1224860.0,1225635.0,1225761.25
1516573232.1,2018-01-21 22:20:32.100000,1226410,1000000,1225930,250000,4000000,1250000,1226662.5,1225074.0,1226170.0,1225868.25
1516573242.0,2018-01-21 22:20:42.000000,1226210,1000000,1226000,1000000,2000000,2250000,1226320.0,1225912.2222222222,1226105.0,1226116.111111111
1516573242.0,2018-01-21 22:20:42.000000,1226210,1000000,1226010,1000000,2000000,2250000,1226320.0,1225916.6666666667,1226110.0,1226118.3333333335
1516573242.0,2018-01-21 22:20:42.000000,1226410,1000000,1224860,1000000,4000000,1000000,1226662.5,1224860.0,1225635.0,1225761.25
1516573242.0,2018-01-21 22:20:42.000000,1226410,1000000,1225940,250000,4000000,1250000,1226662.5,1225076.0,1226175.0,1225869.25
1516573242.0,2018-01-21 22:20:42.000000,1226410,1000000,1224860,1000000,4000000,1000000,1226662.5,1224860.0,1225635.0,1225761.25
1516573242.0,2018-01-21 22:20:42.000000,1226410,1000000,1225930,250000,4000000,1250000,1226662.5,1225074.0,1226170.0,1225868.25
1516573242.0,2018-01-21 22:20:42.000000,1226410,1000000,1224860,1000000,4000000,1000000,1226662.5,1224860.0,1225635.0,1225761.25
1516573242.0,2018-01-21 22:20:42.000000,1226410,1000000,1225940,250000,4000000,1250000,1226662.5,1225076.0,1226175.0,1225869.25
1516573243.6,2018-01-21 22:20:43.600000,1226410,1000000,1224860,1000000,4000000,1000000,1226662.5,1224860.0,1225635.0,1225761.25
1516573243.6,2018-01-21 22:20:43.600000,1226410,1000000,1225930,250000,4000000,1250000,1226662.5,1225074.0,1226170.0,1225868.25
1516573243.6,2018-01-21 22:20:43.600000,1226410,1000000,1224860,1000000,4000000,1000000,1226662.5,1224860.0,1225635.0,1225761.25
1516573243.6,2018-01-21 22:20:43.600000,1226410,1000000,1225940,250000,4000000,1250000,1226662.5,1225076.0,1226175.0,1225869.25
1516573251.1,2018-01-21 22:20:51.100000,1226410,1000000,1224860,1000000,4000000,1000000,1226662.5,1224860.0,1225635.0,1225761.25
1516573254.3,2018-01-21 22:20:54.300000,1226410,1000000,1225940,250000,4000000,1250000,1226662.5,1225076.0,1226175.0,1225869.25
1516573259.6,2018-01-21 22:20:59.600000,1226410,1000000,1224860,1000000,4000000,1000000,1226662.5,1224860.0,1225635.0,1225761.25
1516573259.6,2018-01-21 22:20:59.600000,1226410,1000000,1225950,250000,4000000,1250000,1226662.5,1225078.0,1226180.0,1225870.25
1516573261.6,2018-01-21 22:21:01.600000,1226410,1000000,1224860,1000000,4000000,1000000,1226662.5,1224860.0,1225635.0,1225761.25
1516573261.6,2018-01-21 22:21:01.600000,1226410,1000000,1225930,250000,4000000,1250000,1226662.5,1225074.0,1226170.0,1225868.25
1516573267.3,2018-01-21 22:21:07.300000,1226410,1000000,1224860,1000000,4000000,1000000,1226662.5,1224860.0,1225635.0,1225761.25
1516573267.3,2018-01-21 22:21:07.300000,1226410,1000000,1225980,250000,4000000,1250000,1226662.5,1225084.0,1226195.0,1225873.25
1516573270.5,2018-01-21 22:21:10.500000,1226410,1000000,1224860,1000000,4000000,1000000,1226662.5,1224860.0,1225635.0,1225761.25
1516573270.5,2018-01-21 22:21:10.500000,1226410,1000000,1225970,250000,4000000,1250000,1226662.5,1225082.0,1226190.0,1225872.25
1516573274.3,2018-01-21 22:21:14.300000,1226410,1000000,1225920,2000000,4000000,3000000,1226657.5,1225566.6666666667,1226165.0,1226112.0833333335
1516573282.0,2018-01-21 22:21:22.000000,1226200,1000000,1226010,1000000,2000000,2000000,1226315.0,1225915.0,1226105.0,1226115.0
1516573282.0,2018-01-21 22:21:22.000000,1226200,1000000,1226000,1000000,2000000,2000000,1226315.0,1225910.0,1226100.0,1226112.5
1516573283.1,2018-01-21 22:21:23.100000,1226410,1000000,1225950,250000,4000000,3250000,1226657.5,1225710.0,1226180.0,1226183.75
1516573283.1,2018-01-21 22:21:23.100000,1226410,1000000,1225920,2000000,4000000,3000000,1226657.5,1225690.0,1226165.0,1226173.75
1516573283.1,2018-01-21 22:21:23.100000,1226410,1000000,1225960,250000,4000000,3250000,1226657.5,1225710.7692307692,1226185.0,1226184.1346153845
1516573285.6,2018-01-21 22:21:25.600000,1226410,1000000,1225920,2000000,4000000,3000000,1226657.5,1225690.0,1226165.0,1226173.75
1516573285.6,2018-01-21 22:21:25.600000,1226410,1000000,1225950,250000,4000000,3250000,1226657.5,1225710.0,1226180.0,1226183.75
1516573285.8,2018-01-21 22:21:25.800000,1226410,1000000,1225920,2000000,4000000,3000000,1226657.5,1225690.0,1226165.0,1226173.75
1516573285.8,2018-01-21 22:21:25.800000,1226410,1000000,1225940,250000,4000000,3250000,1226657.5,1225709.2307692308,1226175.0,1226183.3653846155
1516573295.2,2018-01-21 22:21:35.200000,1226410,1000000,1225920,2000000,4000000,3000000,1226657.5,1225640.0,1226165.0,1226148.75
1516573295.2,2018-01-21 22:21:35.200000,1226410,1000000,1225930,250000,4000000,3250000,1226657.5,1225662.3076923077,1226170.0,1226159.903846154
1516573295.2,2018-01-21 22:21:35.200000,1226410,1000000,1225920,2000000,4000000,3000000,1226657.5,1225640.0,1226165.0,1226148.75
1516573295.2,2018-01-21 22:21:35.200000,1226410,1000000,1225940,250000,4000000,3250000,1226657.5,1225663.076923077,1226175.0,1226160.2884615385
1516573295.2,2018-01-21 22:21:35.200000,1226410,1000000,1225920,2000000,4000000,3000000,1226657.5,1225640.0,1226165.0,1226148.75
1516573295.2,2018-01-21 22:21:35.200000,1226410,1000000,1225930,250000,4000000,3250000,1226657.5,1225662.3076923077,1226170.0,1226159.903846154
1516573296.7,2018-01-21 22:21:36.700000,1226410,1000000,1225920,2000000,4000000,3000000,1226657.5,1225640.0,1226165.0,1226148.75
1516573296.7,2018-01-21 22:21:36.700000,1226410,1000000,1225940,250000,4000000,3250000,1226657.5,1225663.076923077,1226175.0,1226160.2884615385
1516573303.1,2018-01-21 22:21:43.100000,1226410,1000000,1225920,2000000,4000000,3000000,1226657.5,1225640.0,1226165.0,1226148.75
1516573308.1,2018-01-21 22:21:48.100000,1226410,1000000,1225930,250000,4000000,3250000,1226657.5,1225662.3076923077,1226170.0,1226159.903846154
1516573311.6,2018-01-21 22:21:51.600000,1226410,1000000,1225920,2000000,4000000,3000000,1226657.5,1225640.0,1226165.0,1226148.75
1516573311.6,2018-01-21 22:21:51.600000,1226410,1000000,1225950,250000,4000000,3250000,1226657.5,1225663.8461538462,1226180.0,1226160.673076923
1516573314.0,2018-01-21 22:21:54.000000,1226410,1000000,1225920,2000000,4000000,3000000,1226657.5,1225640.0,1226165.0,1226148.75
1516573314.0,2018-01-21 22:21:54.000000,1226410,1000000,1225930,250000,4000000,3250000,1226657.5,1225662.3076923077,1226170.0,1226159.903846154
1516573320.0,2018-01-21 22:22:00.000000,1226180,1000000,1226000,1000000,2000000,2250000,1226310.0,1225916.6666666667,1226090.0,1226113.3333333335
1516573320.0,2018-01-21 22:22:00.000000,1226180,1000000,1225980,1000000,2000000,2250000,1226310.0,1225907.7777777778,1226080.0,1226108.888888889
1516573320.0,2018-01-21 22:22:00.000000,1226410,1000000,1225920,2000000,4000000,3000000,1226657.5,1225640.0,1226165.0,1226148.75
1516573323.6,2018-01-21 22:22:03.600000,1226410,1000000,1225930,250000,4000000,3250000,1226657.5,1225662.3076923077,1226170.0,1226159.903846154
1516573323.6,2018-01-21 22:22:03.600000,1226410,1000000,1225920,2000000,4000000,3000000,1226657.5,1225640.0,1226165.0,1226148.75
1516573326.6,2018-01-21 22:22:06.600000,1226410,1000000,1225930,250000,4000000,3250000,1226657.5,1225662.3076923077,1226170.0,1226159.903846154
1516573328.1,2018-01-21 22:22:08.100000,1226410,1000000,1225920,2000000,4000000,3000000,1226657.5,1225640.0,1226165.0,1226148.75
1516573328.1,2018-01-21 22:22:08.100000,1226410,1000000,1225930,2000000,4000000,3000000,1226657.5,1225646.6666666667,1226170.0,1226152.0833333335
1516573328.1,2018-01-21 22:22:08.100000,1226420,1000000,1225930,2000000,4000000,3000000,1226660.0,1225646.6666666667,1226175.0,1226153.3333333335
1516573336.0,2018-01-21 22:22:16.000000,1226420,1000000,1225980,250000,4000000,3250000,1226655.0,1225672.3076923077,1226200.0,1226163.653846154
1516573344.4,2018-01-21 22:22:24.400000,1226420,1000000,1225930,2000000,4000000,3000000,1226655.0,1225646.6666666667,1226175.0,1226150.8333333335
1516573344.4,2018-01-21 22:22:24.400000,1226420,1000000,1225970,250000,4000000,3250000,1226655.0,1225671.5384615385,1226195.0,1226163.2692307692
1516573354.1,2018-01-21 22:22:34.100000,1226420,1000000,1225930,2000000,4000000,3000000,1226655.0,1225646.6666666667,1226175.0,1226150.8333333335
1516573362.1,2018-01-21 22:22:42.100000,1226420,1000000,1225960,250000,4000000,3250000,1226655.0,1225670.7692307692,1226190.0,1226162.8846153845
1516573365.3,2018-01-21 22:22:45.300000,1226420,1000000,1225930,2000000,4000000,3000000,1226655.0,1225646.6666666667,1226175.0,1226150.8333333335
1516573365.3,2018-01-21 22:22:45.300000,1226420,1000000,1225980,250000,4000000,3250000,1226655.0,1225672.3076923077,1226200.0,1226163.653846154
1516573365.3,2018-01-21 22:22:45.300000,1226420,1000000,1225990,1000000,4000000,4250000,1226655.0,1225747.0588235294,1226205.0,1226201.0294117648
1516573365.3,2018-01-21 22:22:45.300000,1226720,1000000,1225990,1000000,4000000,4250000,1226870.0,1225770.5882352942,1226355.0,1226320.2941176472
1516573365.4,2018-01-21 22:22:45.400000,1226770,1000000,1226160,1000000,1000000,2250000,1226770.0,1226108.888888889,1226465.0,1226439.4444444445
1516573365.4,2018-01-21 22:22:45.400000,1226770,1000000,1226130,1000000,1000000,2250000,1226770.0,1226095.5555555555,1226450.0,1226432.7777777778
1516573365.4,2018-01-21 22:22:45.400000,1226740,1000000,1226130,1000000,1000000,2250000,1226740.0,1226095.5555555555,1226435.0,1226417.7777777778
1516573365.4,2018-01-21 22:22:45.400000,1226580,1000000,1226130,1000000,2000000,2250000,1226660.0,1226095.5555555555,1226355.0,1226377.7777777778
1516573365.4,2018-01-21 22:22:45.400000,1226580,1000000,1226380,1000000,2000000,2250000,1226660.0,1226224.4444444445,1226480.0,1226442.2222222222
1516573365.4,2018-01-21 22:22:45.400000,1226550,1000000,1226350,1000000,2000000,2250000,1226665.0,1226228.888888889,1226450.0,1226446.9444444445
1516573365.5,2018-01-21 22:22:45.500000,1226490,1000000,1226350,1000000,2000000,2250000,1226630.0,1226224.4444444445,1226420.0,1226427.2222222222
1516573365.5,2018-01-21 22:22:45.500000,1226490,1000000,1226290,1000000,2000000,2250000,1226630.0,1226197.7777777778,1226390.0,1226413.888888889
1516573365.5,2018-01-21 22:22:45.500000,1226550,1000000,1226290,1000000,2000000,2250000,1226660.0,1226197.7777777778,1226420.0,1226428.888888889
1516573365.5,2018-01-21 22:22:45.500000,1226550,1000000,1226350,1000000,2000000,2250000,1226660.0,1226224.4444444445,1226450.0,1226442.2222222222
1516573365.5,2018-01-21 22:22:45.500000,1226540,1000000,1226350,1000000,2000000,2250000,1226655.0,1226224.4444444445,1226445.0,1226439.7222222222
1516573365.5,2018-01-21 22:22:45.500000,1226540,1000000,1226340,1000000,2000000,2250000,1226655.0,1226220.0,1226440.0,1226437.5
1516573365.6,2018-01-21 22:22:45.600000,1226580,1000000,1226340,1000000,2000000,2250000,1226675.0,1226220.0,1226460.0,1226447.5
1516573365.6,2018-01-21 22:22:45.600000,1226580,1000000,1226380,1000000,2000000,2250000,1226675.0,1226237.7777777778,1226480.0,1226456.388888889
1516573365.7,2018-01-21 22:22:45.700000,1226560,1000000,1226380,1000000,2000000,2000000,1226680.0,1226285.0,1226470.0,1226482.5
1516573365.7,2018-01-21 22:22:45.700000,1226560,1000000,1226360,1000000,2000000,2000000,1226680.0,1226275.0,1226460.0,1226477.5
1516573369.1,2018-01-21 22:22:49.100000,1226720,1000000,1226360,250000,4000000,4250000,1226905.0,1225882.3529411764,1226540.0,1226393.6764705882
1516573369.3,2018-01-21 22:22:49.300000,1226540,1000000,1226360,1000000,2000000,2250000,1226670.0,1226284.4444444445,1226450.0,1226477.2222222222
1516573369.3,2018-01-21 22:22:49.300000,1226540,1000000,1226360,250000,2000000,2250000,1226670.0,1226275.5555555555,1226450.0,1226472.7777777778
1516573370.0,2018-01-21 22:22:50.000000,1226720,1000000,1225990,1000000,4000000,4000000,1226905.0,1225852.5,1226355.0,1226378.75
1516573370.0,2018-01-21 22:22:50.000000,1226540,1000000,1226340,1000000,2000000,2000000,1226670.0,1226265.0,1226440.0,1226467.5
1516573370.1,2018-01-21 22:22:50.100000,1226520,1000000,1226340,1000000,2000000,2000000,1226660.0,1226265.0,1226430.0,1226462.5
1516573370.1,2018-01-21 22:22:50.100000,1226520,1000000,1226320,1000000,2000000,2000000,1226660.0,1226255.0,1226420.0,1226457.5
1516573370.2,2018-01-21 22:22:50.200000,1226620,1000000,1225990,1000000,4000000,4000000,1226880.0,1225852.5,1226305.0,1226366.25
1516573370.3,2018-01-21 22:22:50.300000,1226490,1000000,1226320,1000000,2000000,2000000,1226645.0,1226255.0,1226405.0,1226450.0
1516573370.3,2018-01-21 22:22:50.300000,1226490,1000000,1226270,1000000,2000000,2000000,1226645.0,1226230.0,1226380.0,1226437.5
1516573370.3,2018-01-21 22:22:50.300000,1226450,1000000,1226270,1000000,2000000,2000000,1226555.0,1226160.0,1226360.0,1226357.5
1516573370.3,2018-01-21 22:22:50.300000,1226450,1000000,1226240,1000000,2000000,2000000,1226555.0,1226145.0,1226345.0,1226350.0
1516573370.3,2018-01-21 22:22:50.300000,1226400,1000000,1226240,1000000,2000000,2000000,1226515.0,1226130.0,1226320.0,1226322.5
1516573370.3,2018-01-21 22:22:50.300000,1226400,1000000,1226200,1000000,2000000,2000000,1226515.0,1226110.0,1226300.0,1226312.5
1516573370.4,2018-01-21 22:22:50.400000,1226360,1000000,1226200,1000000,2000000,2000000,1226485.0,1226100.0,1226280.0,1226292.5
1516573370.4,2018-01-21 22:22:50.400000,1226360,1000000,1226150,1000000,2000000,2000000,1226485.0,1226075.0,1226255.0,1226280.0
1516573370.4,2018-01-21 22:22:50.400000,1226320,1000000,1226100,1000000,2000000,2000000,1226440.0,1226025.0,1226210.0,1226232.5
1516573370.5,2018-01-21 22:22:50.500000,1226300,1000000,1226100,1000000,2000000,2000000,1226420.0,1226015.0,1226200.0,1226217.5
1516573370.5,2018-01-21 22:22:50.500000,1226300,1000000,1226070,1000000,2000000,2000000,1226420.0,1226000.0,1226185.0,1226210.0
1516573370.5,2018-01-21 22:22:50.500000,1226280,1000000,1226070,1000000,2000000,2000000,1226410.0,1226000.0,1226175.0,1226205.0
1516573370.5,2018-01-21 22:22:50.500000,1226280,1000000,1226040,1000000,2000000,2000000,1226405.0,1225980.0,1226160.0,1226192.5
1516573370.5,2018-01-21 22:22:50.500000,1226260,1000000,1226040,1000000,2000000,2000000,1226395.0,1225980.0,1226150.0,1226187.5
1516573370.6,2018-01-21 22:22:50.600000,1226220,1000000,1226010,1000000,2000000,2000000,1226360.0,1225950.0,1226115.0,1226155.0
1516573370.6,2018-01-21 22:22:50.600000,1226220,1000000,1225980,1000000,2000000,2000000,1226355.0,1225930.0,1226100.0,1226142.5
1516573370.6,2018-01-21 22:22:50.600000,1226190,1000000,1225980,1000000,2000000,2000000,1226340.0,1225930.0,1226085.0,1226135.0
1516573370.7,2018-01-21 22:22:50.700000,1226180,1000000,1225980,1000000,2000000,2000000,1226335.0,1225930.0,1226080.0,1226132.5
1516573373.4,2018-01-21 22:22:53.400000,1226180,1000000,1225960,1000000,2000000,2000000,1226335.0,1225920.0,1226070.0,1226127.5
1516573373.4,2018-01-21 22:22:53.400000,1226160,1000000,1225960,1000000,2000000,2000000,1226325.0,1225920.0,1226060.0,1226122.5
1516573378.5,2018-01-21 22:22:58.500000,1226690,1000000,1225990,1000000,4000000,4000000,1226820.0,1225755.0,1226340.0,1226287.5
1516573378.5,2018-01-21 22:22:58.500000,1226160,1000000,1226020,1000000,2000000,2000000,1226300.0,1225990.0,1226090.0,1226145.0
1516573378.5,2018-01-21 22:22:58.500000,1226160,1000000,1226030,1000000,2000000,2000000,1226395.0,1225995.0,1226095.0,1226195.0
1516573378.5,2018-01-21 22:22:58.500000,1226450,1000000,1226030,1000000,2000000,1000000,1226545.0,1226030.0,1226240.0,1226287.5
1516573378.5,2018-01-21 22:22:58.500000,1226450,1000000,1226150,1000000,2000000,1000000,1226545.0,1226150.0,1226300.0,1226347.5
1516573378.5,2018-01-21 22:22:58.500000,1226450,1000000,1226290,1000000,2000000,2000000,1226605.0,1226220.0,1226370.0,1226412.5
1516573378.5,2018-01-21 22:22:58.500000,1226490,1000000,1226290,1000000,2000000,2000000,1226625.0,1226220.0,1226390.0,1226422.5
1516573378.6,2018-01-21 22:22:58.600000,1226620,1000000,1225990,1000000,4000000,4000000,1226837.5,1225755.0,1226305.0,1226296.25
1516573378.7,2018-01-21 22:22:58.700000,1226490,1000000,1226260,1000000,2000000,2000000,1226580.0,1226160.0,1226375.0,1226370.0
1516573378.7,2018-01-21 22:22:58.700000,1226470,1000000,1226260,1000000,2000000,2000000,1226570.0,1226160.0,1226365.0,1226365.0
1516573378.7,2018-01-21 22:22:58.700000,1226470,1000000,1226200,1000000,2000000,2000000,1226550.0,1226110.0,1226335.0,1226330.0
1516573378.7,2018-01-21 22:22:58.700000,1226420,1000000,1226200,1000000,2000000,2000000,1226525.0,1226110.0,1226310.0,1226317.5
1516573378.8,2018-01-21 22:22:58.800000,1226420,1000000,1226160,1000000,2000000,2000000,1226515.0,1226080.0,1226290.0,1226297.5
1516573378.8,2018-01-21 22:22:58.800000,1226380,1000000,1226160,1000000,2000000,2000000,1226495.0,1226080.0,1226270.0,1226287.5
1516573378.8,2018-01-21 22:22:58.800000,1226630,2000000,1225990,1000000,4000000,4000000,1226820.0,1225755.0,1226310.0,1226287.5
1516573378.8,2018-01-21 22:22:58.800000,1226690,1000000,1225990,1000000,4000000,4000000,1226855.0,1225755.0,1226340.0,1226305.0
1516573378.8,2018-01-21 22:22:58.800000,1226380,1000000,1226260,1000000,2000000,2000000,1226560.0,1226195.0,1226320.0,1226377.5
1516573378.8,2018-01-21 22:22:58.800000,1226460,1000000,1226260,1000000,2000000,2000000,1226600.0,1226195.0,1226360.0,1226397.5
1516573378.8,2018-01-21 22:22:58.800000,1226460,1000000,1226280,1000000,2000000,2000000,1226615.0,1226220.0,1226370.0,1226417.5
1516573378.8,2018-01-21 22:22:58.800000,1226480,1000000,1226280,1000000,2000000,2000000,1226625.0,1226220.0,1226380.0,1226422.5
1516573378.9,2018-01-21 22:22:58.900000,1226490,1000000,1226290,1000000,2000000,2000000,1226630.0,1226225.0,1226390.0,1226427.5
1516573379.0,2018-01-21 22:22:59.000000,1226490,1000000,1226310,1000000,2000000,2000000,1226630.0,1226235.0,1226400.0,1226432.5
1516573379.0,2018-01-21 22:22:59.000000,1226510,1000000,1226310,1000000,2000000,2000000,1226640.0,1226235.0,1226410.0,1226437.5
1516573381.5,2018-01-21 22:23:01.500000,1226510,1000000,1226280,1000000,2000000,2000000,1226640.0,1226220.0,1226395.0,1226430.0
1516573381.5,2018-01-21 22:23:01.500000,1226480,1000000,1226280,1000000,2000000,2000000,1226625.0,1226220.0,1226380.0,1226422.5
1516573385.1,2018-01-21 22:23:05.100000,1226570,1000000,1225990,1000000,4000000,4000000,1226797.5,1225845.0,1226280.0,1226321.25
1516573385.1,2018-01-21 22:23:05.100000,1226470,1000000,1225990,1000000,2000000,1000000,1226535.0,1225990.0,1226230.0,1226262.5
1516573385.2,2018-01-21 22:23:05.200000,1226470,1000000,1225900,1000000,2000000,1000000,1226535.0,1225900.0,1226185.0,1226217.5
1516573385.2,2018-01-21 22:23:05.200000,1226470,1000000,1225950,1000000,2000000,1000000,1226490.0,1225950.0,1226210.0,1226220.0
1516573385.2,2018-01-21 22:23:05.200000,1226470,1000000,1226140,1000000,2000000,2000000,1226515.0,1226045.0,1226305.0,1226280.0
1516573385.2,2018-01-21 22:23:05.200000,1226340,1000000,1226140,1000000,2000000,2000000,1226450.0,1226045.0,1226240.0,1226247.5
1516573385.2,2018-01-21 22:23:05.200000,1226340,1000000,1226060,1000000,2000000,2000000,1226425.0,1225980.0,1226200.0,1226202.5
1516573385.2,2018-01-21 22:23:05.200000,1226260,1000000,1226060,1000000,2000000,2000000,1226385.0,1225980.0,1226160.0,1226182.5
1516573385.3,2018-01-21 22:23:05.300000,1226200,1000000,1225970,1000000,2000000,2000000,1226345.0,1225925.0,1226085.0,1226135.0
1516573385.3,2018-01-21 22:23:05.300000,1226170,1000000,1225970,1000000,2000000,2000000,1226315.0,1225910.0,1226070.0,1226112.5
1516573385.3,2018-01-21 22:23:05.300000,1226170,1000000,1225940,1000000,2000000,2000000,1226315.0,1225895.0,1226055.0,1226105.0
1516573385.3,2018-01-21 22:23:05.300000,1226460,1000000,1225940,1000000,1000000,2000000,1226460.0,1225895.0,1226200.0,1226177.5
1516573385.3,2018-01-21 22:23:05.300000,1226490,1000000,1225940,1000000,1000000,2000000,1226490.0,1225910.0,1226215.0,1226200.0
1516573385.4,2018-01-21 22:23:05.400000,1226490,1000000,1225940,1000000,1000000,2000000,1226490.0,1225910.0,1226215.0,1226200.0
1516573385.4,2018-01-21 22:23:05.400000,1226490,1000000,1225930,1000000,1000000,2000000,1226490.0,1225905.0,1226210.0,1226197.5
1516573385.8,2018-01-21 22:23:05.800000,1226470,1000000,1225930,1000000,1000000,2000000,1226470.0,1225895.0,1226200.0,1226182.5
1516573387.4,2018-01-21 22:23:07.400000,1226470,1000000,1225950,1000000,1000000,2000000,1226470.0,1225905.0,1226210.0,1226187.5
1516573387.4,2018-01-21 22:23:07.400000,1226150,1000000,1225950,1000000,2000000,2000000,1226310.0,1225905.0,1226050.0,1226107.5
1516573387.7,2018-01-21 22:23:07.700000,1226150,1000000,1225970,1000000,2000000,2000000,1226295.0,1225900.0,1226060.0,1226097.5
1516573387.7,2018-01-21 22:23:07.700000,1226170,1000000,1225970,1000000,2000000,2000000,1226305.0,1225900.0,1226070.0,1226102.5
1516573401.5,2018-01-21 22:23:21.500000,1226570,1000000,1225980,2000000,4000000,4000000,1226727.5,1225765.0,1226275.0,1226246.25
1516573401.5,2018-01-21 22:23:21.500000,1226570,1000000,1225970,1000000,4000000,4000000,1226727.5,1225750.0,1226270.0,1226238.75
1516573401.5,2018-01-21 22:23:21.500000,1226520,1000000,1225970,1000000,4000000,4000000,1226715.0,1225750.0,1226245.0,1226232.5
1516573402.0,2018-01-21 22:23:22.000000,1226170,1000000,1225980,1000000,2000000,2000000,1226305.0,1225905.0,1226075.0,1226105.0
1516573402.0,2018-01-21 22:23:22.000000,1226180,1000000,1225980,1000000,2000000,2000000,1226310.0,1225905.0,1226080.0,1226107.5
1516573408.3,2018-01-21 22:23:28.300000,1226510,1000000,1226000,1000000,1000000,2000000,1226510.0,1225950.0,1226255.0,1226230.0
1516573408.4,2018-01-21 22:23:28.400000,1226510,1000000,1226060,1000000,1000000,2000000,1226510.0,1225980.0,1226285.0,1226245.0
1516573408.4,2018-01-21 22:23:28.400000,1226260,1000000,1226060,1000000,2000000,2000000,1226385.0,1225980.0,1226160.0,1226182.5
1516573408.4,2018-01-21 22:23:28.400000,1226260,1000000,1226090,1000000,2000000,2000000,1226395.0,1226005.0,1226175.0,1226200.0
1516573408.4,2018-01-21 22:23:28.400000,1226290,1000000,1226090,1000000,2000000,2000000,1226410.0,1226005.0,1226190.0,1226207.5
1516573408.5,2018-01-21 22:23:28.500000,1226290,1000000,1226100,1000000,2000000,2000000,1226410.0,1226010.0,1226195.0,1226210.0
1516573408.5,2018-01-21 22:23:28.500000,1226300,1000000,1226100,1000000,2000000,2000000,1226415.0,1226010.0,1226200.0,1226212.5
1516573408.5,2018-01-21 22:23:28.500000,1226300,1000000,1226110,1000000,2000000,2000000,1226415.0,1226015.0,1226205.0,1226215.0
1516573408.5,2018-01-21 22:23:28.500000,1226310,1000000,1226110,1000000,2000000,2000000,1226420.0,1226015.0,1226210.0,1226217.5
1516573411.4,2018-01-21 22:23:31.400000,1226310,1000000,1226120,1000000,2000000,2000000,1226425.0,1226025.0,1226215.0,1226225.0
1516573411.4,2018-01-21 22:23:31.400000,1226320,1000000,1226120,1000000,2000000,2000000,1226430.0,1226025.0,1226220.0,1226227.5
1516573412.0,2018-01-21 22:23:32.000000,1226520,1000000,1225990,1000000,4000000,4000000,1226690.0,1225765.0,1226255.0,1226227.5
1516573412.0,2018-01-21 22:23:32.000000,1226460,1000000,1225990,1000000,4000000,4000000,1226675.0,1225765.0,1226225.0,1226220.0
1516573412.1,2018-01-21 22:23:32.100000,1226330,1000000,1226030,1000000,2000000,2000000,1226450.0,1225995.0,1226180.0,1226222.5
1516573419.1,2018-01-21 22:23:39.100000,1226310,1000000,1226030,1000000,2000000,2000000,1226440.0,1225995.0,1226170.0,1226217.5
1516573419.1,2018-01-21 22:23:39.100000,1226410,1000000,1225990,1000000,4000000,4000000,1226675.0,1225745.0,1226200.0,1226210.0
1516573419.1,2018-01-21 22:23:39.100000,1226310,1000000,1226000,1000000,2000000,2000000,1226400.0,1225940.0,1226155.0,1226170.0
1516573419.1,2018-01-21 22:23:39.100000,1226200,1000000,1226000,1000000,2000000,2000000,1226345.0,1225940.0,1226100.0,1226142.5
1516573422.0,2018-01-21 22:23:42.000000,1226200,1000000,1225990,1000000,2000000,2000000,1226330.0,1225920.0,1226095.0,1226125.0
1516573425.1,2018-01-21 22:23:45.100000,1226460,1000000,1225990,1000000,4000000,4000000,1226687.5,1225765.0,1226225.0,1226226.25
1516573425.1,2018-01-21 22:23:45.100000,1226240,1000000,1226040,1000000,2000000,2000000,1226350.0,1225945.0,1226140.0,1226147.5
1516573425.3,2018-01-21 22:23:45.300000,1226260,1000000,1226040,1000000,2000000,2000000,1226365.0,1225950.0,1226150.0,1226157.5
1516573425.3,2018-01-21 22:23:45.300000,1226260,1000000,1226060,1000000,2000000,2000000,1226365.0,1225960.0,1226160.0,1226162.5
1516573425.4,2018-01-21 22:23:45.400000,1226280,1000000,1226060,1000000,2000000,2000000,1226385.0,1225970.0,1226170.0,1226177.5
1516573425.4,2018-01-21 22:23:45.400000,1226280,1000000,1226020,1000000,2000000,2000000,1226385.0,1225950.0,1226150.0,1226167.5
1516573425.4,2018-01-21 22:23:45.400000,1226300,1000000,1226020,1000000,2000000,2000000,1226395.0,1225950.0,1226160.0,1226172.5
1516573425.4,2018-01-21 22:23:45.400000,1226280,1000000,1226020,1000000,2000000,2000000,1226385.0,1225950.0,1226150.0,1226167.5
1516573429.6,2018-01-21 22:23:49.600000,1226280,1000000,1226040,1000000,2000000,2000000,1226385.0,1225960.0,1226160.0,1226172.5
1516573429.6,2018-01-21 22:23:49.600000,1226300,1000000,1226040,1000000,2000000,2000000,1226395.0,1225960.0,1226170.0,1226177.5
1516573430.4,2018-01-21 22:23:50.400000,1226270,150000,1225990,1000000,4150000,4000000,1226672.4096385543,1225765.0,1226130.0,1226218.7048192772
1516573430.4,2018-01-21 22:23:50.400000,1226270,150000,1226040,1000000,2150000,2000000,1226386.2790697673,1225960.0,1226155.0,1226173.1395348837
1516573430.5,2018-01-21 22:23:50.500000,1226460,1000000,1225990,1000000,4000000,4000000,1226687.5,1225765.0,1226225.0,1226226.25
1516573430.5,2018-01-21 22:23:50.500000,1226300,1000000,1226040,1000000,2000000,2000000,1226395.0,1225960.0,1226170.0,1226177.5
1516573430.5,2018-01-21 22:23:50.500000,1226270,100000,1225990,1000000,4100000,4000000,1226677.3170731708,1225765.0,1226130.0,1226221.1585365855
1516573430.5,2018-01-21 22:23:50.500000,1226270,100000,1226040,1000000,2100000,2000000,1226389.0476190476,1225960.0,1226155.0,1226174.5238095238
1516573439.6,2018-01-21 22:23:59.600000,1226270,100000,1226030,1000000,2100000,2000000,1226389.0476190476,1225955.0,1226150.0,1226172.0238095238
1516573463.6,2018-01-21 22:24:23.600000,1226270,100000,1226050,1000000,2100000,2000000,1226384.2857142857,1225965.0,1226160.0,1226174.6428571427
1516573469.8,2018-01-21 22:24:29.800000,1226270,100000,1226030,1000000,2100000,2000000,1226384.2857142857,1225955.0,1226150.0,1226169.6428571427
1516573473.3,2018-01-21 22:24:33.300000,1226270,1000000,1226030,1000000,2100000,2000000,1226374.761904762,1225955.0,1226150.0,1226164.880952381
1516573473.3,2018-01-21 22:24:33.300000,1226270,1000000,1226020,1000000,2100000,2000000,1226374.761904762,1225950.0,1226145.0,1226162.380952381
1516573473.3,2018-01-21 22:24:33.300000,1226260,1000000,1226020,1000000,2100000,2000000,1226370.0,1225950.0,1226140.0,1226160.0
1516573473.3,2018-01-21 22:24:33.300000,1226260,1000000,1225990,1000000,2100000,2000000,1226370.0,1225935.0,1226125.0,1226152.5
1516573483.6,2018-01-21 22:24:43.600000,1226240,1000000,1225990,1000000,2100000,2000000,1226350.9523809524,1225925.0,1226115.0,1226137.9761904762
1516573483.6,2018-01-21 22:24:43.600000,1226240,1000000,1225970,1000000,2100000,2000000,1226350.9523809524,1225915.0,1226105.0,1226132.9761904762
1516573490.9,2018-01-21 22:24:50.900000,1226470,1000000,1225990,1000000,4000000,4000000,1226690.0,1225765.0,1226230.0,1226227.5
1516573490.9,2018-01-21 22:24:50.900000,1226240,100000,1225990,1000000,4100000,4000000,1226679.024390244,1225765.0,1226115.0,1226222.012195122
1516573490.9,2018-01-21 22:24:50.900000,1226240,100000,1225970,1000000,2100000,2000000,1226344.761904762,1225910.0,1226105.0,1226127.380952381
1516573495.6,2018-01-21 22:24:55.600000,1226220,1000000,1225970,1000000,2100000,2000000,1226335.238095238,1225910.0,1226095.0,1226122.619047619
1516573495.6,2018-01-21 22:24:55.600000,1226220,1000000,1225980,1000000,2100000,2000000,1226335.238095238,1225915.0,1226100.0,1226125.119047619
1516573501.6,2018-01-21 22:25:01.600000,1226200,1000000,1225980,1000000,2100000,2000000,1226325.7142857143,1225915.0,1226090.0,1226120.3571428573
1516573501.6,2018-01-21 22:25:01.600000,1226200,1000000,1225960,1000000,2100000,2000000,1226325.7142857143,1225905.0,1226080.0,1226115.3571428573
1516573501.6,2018-01-21 22:25:01.600000,1226160,1000000,1225960,1000000,2100000,2000000,1226306.6666666667,1225905.0,1226060.0,1226105.8333333335
1516573501.7,2018-01-21 22:25:01.700000,1226160,1000000,1225940,1000000,2100000,2000000,1226306.6666666667,1225895.0,1226050.0,1226100.8333333335
1516573501.7,2018-01-21 22:25:01.700000,1226240,100000,1225940,1000000,1100000,2000000,1226440.0,1225895.0,1226090.0,1226167.5
1516573509.8,2018-01-21 22:25:09.800000,1226410,1000000,1225990,1000000,4000000,4000000,1226665.0,1225745.0,1226200.0,1226205.0
1516573509.8,2018-01-21 22:25:09.800000,1226470,1000000,1225940,1000000,1000000,2000000,1226470.0,1225900.0,1226205.0,1226185.0
1516573509.8,2018-01-21 22:25:09.800000,1226180,100000,1225990,1000000,4100000,4000000,1226653.1707317072,1225745.0,1226085.0,1226199.0853658537
1516573509.8,2018-01-21 22:25:09.800000,1226180,100000,1225940,1000000,1100000,2000000,1226443.6363636365,1225900.0,1226060.0,1226171.8181818184
1516573515.9,2018-01-21 22:25:15.900000,1226180,100000,1225960,1000000,1100000,2000000,1226434.5454545454,1225905.0,1226070.0,1226169.7727272727
1516573515.9,2018-01-21 22:25:15.900000,1226160,1000000,1225960,1000000,2100000,2000000,1226303.8095238095,1225905.0,1226060.0,1226104.4047619049
1516573522.0,2018-01-21 22:25:22.000000,1226160,1000000,1225970,1000000,2100000,2000000,1226294.2857142857,1225900.0,1226065.0,1226097.1428571427
1516573522.0,2018-01-21 22:25:22.000000,1226170,1000000,1225970,1000000,2100000,2000000,1226299.0476190476,1225900.0,1226070.0,1226099.5238095238
1516573530.2,2018-01-21 22:25:30.200000,1226170,1000000,1225990,1000000,2100000,2000000,1226299.0476190476,1225910.0,1226080.0,1226104.5238095238
1516573530.2,2018-01-21 22:25:30.200000,1226180,100000,1225990,1000000,2100000,2000000,1226308.5714285714,1225910.0,1226085.0,1226109.2857142857
1516573536.6,2018-01-21 22:25:36.600000,1226180,100000,1226010,1000000,2100000,2000000,1226308.5714285714,1225920.0,1226095.0,1226114.2857142857
1516573537.4,2018-01-21 22:25:37.400000,1226410,1000000,1225990,1000000,4000000,4000000,1226665.0,1225745.0,1226200.0,1226205.0
1516573537.4,2018-01-21 22:25:37.400000,1226210,1000000,1226010,1000000,2000000,2000000,1226325.0,1225920.0,1226110.0,1226122.5
1516573537.4,2018-01-21 22:25:37.400000,1226210,1000000,1226030,1000000,2000000,2000000,1226325.0,1225930.0,1226120.0,1226127.5
1516573537.4,2018-01-21 22:25:37.400000,1226230,1000000,1226030,1000000,2000000,2000000,1226335.0,1225930.0,1226130.0,1226132.5
1516573537.4,2018-01-21 22:25:37.400000,1226510,1000000,1225990,1000000,4000000,4000000,1226715.0,1225770.0,1226250.0,1226242.5
1516573537.4,2018-01-21 22:25:37.400000,1226230,1000000,1226120,1000000,2000000,2000000,1226395.0,1226035.0,1226175.0,1226215.0
1516573537.4,2018-01-21 22:25:37.400000,1226320,1000000,1226120,1000000,2000000,2000000,1226440.0,1226035.0,1226220.0,1226237.5
1516573537.5,2018-01-21 22:25:37.500000,1226320,1000000,1226150,1000000,2000000,2000000,1226460.0,1226070.0,1226235.0,1226265.0
1516573537.5,2018-01-21 22:25:37.500000,1226350,1000000,1226150,1000000,2000000,2000000,1226475.0,1226070.0,1226250.0,1226272.5
1516573537.5,2018-01-21 22:25:37.500000,1226350,1000000,1226170,1000000,2000000,2000000,1226475.0,1226080.0,1226260.0,1226277.5
1516573537.5,2018-01-21 22:25:37.500000,1226370,1000000,1226170,1000000,2000000,2000000,1226485.0,1226080.0,1226270.0,1226282.5
1516573537.5,2018-01-21 22:25:37.500000,1226370,1000000,1226180,1000000,2000000,2000000,1226485.0,1226085.0,1226275.0,1226285.0
1516573537.5,2018-01-21 22:25:37.500000,1226380,1000000,1226180,1000000,2000000,2000000,1226490.0,1226085.0,1226280.0,1226287.5
1516573545.5,2018-01-21 22:25:45.500000,1226470,1000000,1225990,1000000,4000000,4000000,1226690.0,1225765.0,1226230.0,1226227.5
1516573545.5,2018-01-21 22:25:45.500000,1226380,1000000,1226160,1000000,2000000,2000000,1226470.0,1226055.0,1226270.0,1226262.5
1516573545.5,2018-01-21 22:25:45.500000,1226360,1000000,1226160,1000000,2000000,2000000,1226460.0,1226055.0,1226260.0,1226257.5
1516573545.5,2018-01-21 22:25:45.500000,1226360,1000000,1226130,1000000,2000000,2000000,1226460.0,1226040.0,1226245.0,1226250.0
1516573545.5,2018-01-21 22:25:45.500000,1226330,1000000,1226130,1000000,2000000,2000000,1226445.0,1226040.0,1226230.0,1226242.5
1516573554.9,2018-01-21 22:25:54.900000,1226520,1000000,1225990,1000000,4000000,4000000,1226722.5,1225770.0,1226255.0,1226246.25
1516573555.0,2018-01-21 22:25:55.000000,1226330,1000000,1226180,1000000,2000000,2000000,1226460.0,1226080.0,1226255.0,1226270.0
1516573555.0,2018-01-21 22:25:55.000000,1226380,1000000,1226180,1000000,2000000,2000000,1226485.0,1226080.0,1226280.0,1226282.5
1516573555.0,2018-01-21 22:25:55.000000,1226390,1000000,1226190,1000000,2000000,2000000,1226495.0,1226090.0,1226290.0,1226292.5
1516573556.7,2018-01-21 22:25:56.700000,1226440,1000000,1225990,1000000,4000000,4000000,1226677.5,1225755.0,1226215.0,1226216.25
1516573556.7,2018-01-21 22:25:56.700000,1226390,1000000,1226160,1000000,2000000,2000000,1226475.0,1226055.0,1226275.0,1226265.0
1516573556.7,2018-01-21 22:25:56.700000,1226360,1000000,1226160,1000000,2000000,2000000,1226460.0,1226055.0,1226260.0,1226257.5
1516573556.7,2018-01-21 22:25:56.700000,1226440,1000000,1225950,2000000,4000000,4000000,1226677.5,1225737.5,1226195.0,1226207.5
1516573556.7,2018-01-21 22:25:56.700000,1226440,1000000,1225920,1000000,4000000,4000000,1226677.5,1225717.5,1226180.0,1226197.5
1516573556.7,2018-01-21 22:25:56.700000,1226420,1000000,1225920,1000000,4000000,4000000,1226647.5,1225717.5,1226170.0,1226182.5
1516573556.7,2018-01-21 22:25:56.700000,1226360,1000000,1226060,1000000,2000000,2000000,1226445.0,1225990.0,1226210.0,1226217.5
1516573556.7,2018-01-21 22:25:56.700000,1226260,1000000,1226060,1000000,2000000,2000000,1226395.0,1225990.0,1226160.0,1226192.5
1516573556.7,2018-01-21 22:25:56.700000,1226420,1000000,1225990,1000000,4000000,4000000,1226647.5,1225755.0,1226205.0,1226201.25
1516573556.7,2018-01-21 22:25:56.700000,1226440,1000000,1225990,1000000,4000000,4000000,1226677.5,1225755.0,1226215.0,1226216.25
1516573556.8,2018-01-21 22:25:56.800000,1226260,1000000,1226080,1000000,2000000,2000000,1226375.0,1225980.0,1226170.0,1226177.5
1516573556.8,2018-01-21 22:25:56.800000,1226290,1000000,1226080,1000000,2000000,2000000,1226390.0,1225980.0,1226185.0,1226185.0
1516573556.8,2018-01-21 22:25:56.800000,1226260,1000000,1226060,1000000,2000000,2000000,1226375.0,1225970.0,1226160.0,1226172.5
1516573557.0,2018-01-21 22:25:57.000000,1226260,1000000,1226050,1000000,2000000,2000000,1226375.0,1225965.0,1226155.0,1226170.0
1516573557.0,2018-01-21 22:25:57.000000,1226250,1000000,1226050,1000000,2000000,2000000,1226370.0,1225965.0,1226150.0,1226167.5
1516573558.9,2018-01-21 22:25:58.900000,1226440,1000000,1225950,2000000,4000000,4000000,1226677.5,1225737.5,1226195.0,1226207.5
1516573558.9,2018-01-21 22:25:58.900000,1226440,1000000,1225920,1000000,4000000,4000000,1226677.5,1225717.5,1226180.0,1226197.5
1516573558.9,2018-01-21 22:25:58.900000,1226420,1000000,1225920,1000000,4000000,4000000,1226672.5,1225717.5,1226170.0,1226195.0
1516573558.9,2018-01-21 22:25:58.900000,1226250,1000000,1226040,1000000,2000000,2000000,1226340.0,1225930.0,1226145.0,1226135.0
1516573558.9,2018-01-21 22:25:58.900000,1226240,1000000,1226040,1000000,2000000,2000000,1226335.0,1225930.0,1226140.0,1226132.5
1516573559.0,2018-01-21 22:25:59.000000,1226240,1000000,1226010,1000000,2000000,2000000,1226335.0,1225915.0,1226125.0,1226125.0
1516573559.0,2018-01-21 22:25:59.000000,1226210,1000000,1226010,1000000,2000000,2000000,1226320.0,1225915.0,1226110.0,1226117.5
1516573562.3,2018-01-21 22:26:02.300000,1226420,1000000,1225870,1000000,4000000,4000000,1226647.5,1225675.0,1226145.0,1226161.25
1516573562.3,2018-01-21 22:26:02.300000,1226210,1000000,1225990,1000000,2000000,2000000,1226295.0,1225880.0,1226100.0,1226087.5
1516573562.3,2018-01-21 22:26:02.300000,1226190,1000000,1225990,1000000,2000000,2000000,1226285.0,1225880.0,1226090.0,1226082.5
1516573562.4,2018-01-21 22:26:02.400000,1226190,1000000,1225960,1000000,2000000,2000000,1226285.0,1225865.0,1226075.0,1226075.0
1516573562.4,2018-01-21 22:26:02.400000,1226160,1000000,1225960,1000000,2000000,2000000,1226270.0,1225865.0,1226060.0,1226067.5
1516573576.9,2018-01-21 22:26:16.900000,1226160,1000000,1225940,1000000,2000000,2000000,1226260.0,1225845.0,1226050.0,1226052.5
1516573576.9,2018-01-21 22:26:16.900000,1226140,1000000,1225940,1000000,2000000,2000000,1226250.0,1225845.0,1226040.0,1226047.5
1516573577.0,2018-01-21 22:26:17.000000,1226140,1000000,1225960,1000000,2000000,2000000,1226250.0,1225855.0,1226050.0,1226052.5
1516573577.0,2018-01-21 22:26:17.000000,1226160,1000000,1225960,1000000,2000000,2000000,1226260.0,1225855.0,1226060.0,1226057.5
1516573577.0,2018-01-21 22:26:17.000000,1226160,1000000,1225940,1000000,2000000,2000000,1226260.0,1225845.0,1226050.0,1226052.5
1516573577.0,2018-01-21 22:26:17.000000,1226140,1000000,1225940,1000000,2000000,2000000,1226250.0,1225845.0,1226040.0,1226047.5
1516573579.6,2018-01-21 22:26:19.600000,1226420,1000000,1225740,1000000,4000000,4000000,1226647.5,1225582.5,1226080.0,1226115.0
1516573579.6,2018-01-21 22:26:19.600000,1226410,1000000,1225740,1000000,4000000,4000000,1226640.0,1225582.5,1226075.0,1226111.25
1516573579.6,2018-01-21 22:26:19.600000,1226140,1000000,1225910,1000000,2000000,2000000,1226250.0,1225830.0,1226025.0,1226040.0
1516573579.6,2018-01-21 22:26:19.600000,1226110,1000000,1225910,1000000,2000000,2000000,1226235.0,1225830.0,1226010.0,1226032.5
1516573579.6,2018-01-21 22:26:19.600000,1226110,1000000,1225890,1000000,2000000,2000000,1226235.0,1225820.0,1226000.0,1226027.5
1516573579.6,2018-01-21 22:26:19.600000,1226090,1000000,1225890,1000000,2000000,2000000,1226225.0,1225820.0,1225990.0,1226022.5
1516573579.7,2018-01-21 22:26:19.700000,1226090,1000000,1225870,1000000,2000000,2000000,1226225.0,1225810.0,1225980.0,1226017.5
1516573579.7,2018-01-21 22:26:19.700000,1226070,1000000,1225870,1000000,2000000,2000000,1226215.0,1225810.0,1225970.0,1226012.5
1516573579.7,2018-01-21 22:26:19.700000,1226070,1000000,1225850,1000000,2000000,2000000,1226215.0,1225800.0,1225960.0,1226007.5
1516573579.7,2018-01-21 22:26:19.700000,1226060,1000000,1225850,1000000,2000000,2000000,1226210.0,1225800.0,1225955.0,1226005.0
1516573579.7,2018-01-21 22:26:19.700000,1226410,1000000,1225790,1000000,4000000,4000000,1226545.0,1225560.0,1226100.0,1226052.5
1516573579.7,2018-01-21 22:26:19.700000,1226060,1000000,1225930,1000000,2000000,2000000,1226210.0,1225840.0,1225995.0,1226025.0
1516573579.7,2018-01-21 22:26:19.700000,1226130,1000000,1225930,1000000,2000000,2000000,1226245.0,1225840.0,1226030.0,1226042.5
1516573581.8,2018-01-21 22:26:21.800000,1226130,1000000,1225910,1000000,2000000,2000000,1226245.0,1225830.0,1226020.0,1226037.5
1516573581.8,2018-01-21 22:26:21.800000,1226110,1000000,1225910,1000000,2000000,2000000,1226235.0,1225830.0,1226010.0,1226032.5
1516573581.8,2018-01-21 22:26:21.800000,1226110,1000000,1225890,1000000,2000000,2000000,1226235.0,1225820.0,1226000.0,1226027.5
1516573581.8,2018-01-21 22:26:21.800000,1226090,1000000,1225890,1000000,2000000,2000000,1226225.0,1225820.0,1225990.0,1226022.5
1516573581.9,2018-01-21 22:26:21.900000,1226090,1000000,1225870,1000000,2000000,2000000,1226225.0,1225810.0,1225980.0,1226017.5
1516573581.9,2018-01-21 22:26:21.900000,1226070,1000000,1225870,1000000,2000000,2000000,1226215.0,1225810.0,1225970.0,1226012.5
1516573581.9,2018-01-21 22:26:21.900000,1226070,1000000,1225900,1000000,2000000,2000000,1226215.0,1225825.0,1225985.0,1226020.0
1516573581.9,2018-01-21 22:26:21.900000,1226100,1000000,1225900,1000000,2000000,2000000,1226230.0,1225825.0,1226000.0,1226027.5
1516573582.0,2018-01-21 22:26:22.000000,1226100,1000000,1225930,1000000,2000000,2000000,1226230.0,1225840.0,1226015.0,1226035.0
1516573582.0,2018-01-21 22:26:22.000000,1226130,1000000,1225930,1000000,2000000,2000000,1226245.0,1225840.0,1226030.0,1226042.5
1516573582.0,2018-01-21 22:26:22.000000,1226130,1000000,1225940,1000000,2000000,2000000,1226245.0,1225845.0,1226035.0,1226045.0
1516573582.0,2018-01-21 22:26:22.000000,1226140,1000000,1225940,1000000,2000000,2000000,1226250.0,1225845.0,1226040.0,1226047.5
1516573582.8,2018-01-21 22:26:22.800000,1226260,1000000,1225790,1000000,4000000,4000000,1226507.5,1225580.0,1226025.0,1226043.75
1516573585.7,2018-01-21 22:26:25.700000,1226260,1000000,1225770,2000000,4000000,4000000,1226437.5,1225567.5,1226015.0,1226002.5
1516573585.7,2018-01-21 22:26:25.700000,1226260,1000000,1225740,1000000,4000000,4000000,1226437.5,1225542.5,1226000.0,1225990.0
1516573585.7,2018-01-21 22:26:25.700000,1226210,1000000,1225740,1000000,4000000,4000000,1226425.0,1225542.5,1225975.0,1225983.75
1516573585.7,2018-01-21 22:26:25.700000,1226140,1000000,1225910,1000000,2000000,2000000,1226250.0,1225830.0,1226025.0,1226040.0
1516573585.7,2018-01-21 22:26:25.700000,1226110,1000000,1225910,1000000,2000000,2000000,1226235.0,1225830.0,1226010.0,1226032.5
1516573585.7,2018-01-21 22:26:25.700000,1226110,1000000,1225890,1000000,2000000,2000000,1226235.0,1225820.0,1226000.0,1226027.5
1516573585.7,2018-01-21 22:26:25.700000,1226090,1000000,1225890,1000000,2000000,2000000,1226225.0,1225820.0,1225990.0,1226022.5
1516573585.8,2018-01-21 22:26:25.800000,1226090,1000000,1225930,1000000,2000000,2000000,1226225.0,1225840.0,1226010.0,1226032.5
1516573585.8,2018-01-21 22:26:25.800000,1226130,1000000,1225930,1000000,2000000,2000000,1226245.0,1225840.0,1226030.0,1226042.5
1516573585.8,2018-01-21 22:26:25.800000,1226210,1000000,1225790,1000000,4000000,4000000,1226400.0,1225555.0,1226000.0,1225977.5
1516573585.8,2018-01-21 22:26:25.800000,1226230,2000000,1225790,1000000,4000000,4000000,1226412.5,1225580.0,1226010.0,1225996.25
1516573585.8,2018-01-21 22:26:25.800000,1226260,1000000,1225790,1000000,4000000,4000000,1226437.5,1225580.0,1226025.0,1226008.75
1516573593.6,2018-01-21 22:26:33.600000,1226260,1000000,1225740,1000000,4000000,4000000,1226437.5,1225522.5,1226000.0,1225980.0
1516573593.6,2018-01-21 22:26:33.600000,1226160,1000000,1225740,1000000,4000000,4000000,1226382.5,1225522.5,1225950.0,1225952.5
1516573593.6,2018-01-21 22:26:33.600000,1226130,1000000,1225890,1000000,2000000,2000000,1226210.0,1225785.0,1226010.0,1225997.5
1516573593.6,2018-01-21 22:26:33.600000,1226090,1000000,1225890,1000000,2000000,2000000,1226190.0,1225785.0,1225990.0,1225987.5
1516573593.6,2018-01-21 22:26:33.600000,1226090,1000000,1225880,1000000,2000000,2000000,1226180.0,1225770.0,1225985.0,1225975.0
1516573593.6,2018-01-21 22:26:33.600000,1226080,1000000,1225880,1000000,2000000,2000000,1226175.0,1225770.0,1225980.0,1225972.5
1516573593.7,2018-01-21 22:26:33.700000,1226080,1000000,1225860,1000000,2000000,2000000,1226175.0,1225760.0,1225970.0,1225967.5
1516573593.7,2018-01-21 22:26:33.700000,1226060,1000000,1225860,1000000,2000000,2000000,1226165.0,1225760.0,1225960.0,1225962.5
1516573593.7,2018-01-21 22:26:33.700000,1226060,1000000,1225840,1000000,2000000,2000000,1226160.0,1225745.0,1225950.0,1225952.5
1516573593.7,2018-01-21 22:26:33.700000,1226040,1000000,1225840,1000000,2000000,2000000,1226150.0,1225745.0,1225940.0,1225947.5
1516573593.8,2018-01-21 22:26:33.800000,1226040,1000000,1225820,1000000,2000000,2000000,1226135.0,1225720.0,1225930.0,1225927.5
1516573593.8,2018-01-21 22:26:33.800000,1226020,1000000,1225820,1000000,2000000,2000000,1226125.0,1225720.0,1225920.0,1225922.5
1516573594.3,2018-01-21 22:26:34.300000,1226160,1000000,1225690,1000000,4000000,4000000,1226382.5,1225510.0,1225925.0,1225946.25
1516573594.3,2018-01-21 22:26:34.300000,1226020,1000000,1225790,1000000,2000000,2000000,1226110.0,1225690.0,1225905.0,1225900.0
1516573594.3,2018-01-21 22:26:34.300000,1225990,1000000,1225790,1000000,2000000,2000000,1226095.0,1225690.0,1225890.0,1225892.5
1516573597.0,2018-01-21 22:26:37.000000,1226130,1000000,1225690,1000000,4000000,4000000,1226375.0,1225485.0,1225910.0,1225930.0
1516573602.0,2018-01-21 22:26:42.000000,1225990,1000000,1225800,1000000,2000000,2000000,1226095.0,1225695.0,1225895.0,1225895.0
1516573602.0,2018-01-21 22:26:42.000000,1226000,1000000,1225800,1000000,2000000,2000000,1226100.0,1225695.0,1225900.0,1225897.5
1516573605.5,2018-01-21 22:26:45.500000,1226000,1000000,1225780,1000000,2000000,2000000,1226095.0,1225680.0,1225890.0,1225887.5
1516573605.5,2018-01-21 22:26:45.500000,1225980,1000000,1225780,1000000,2000000,2000000,1226085.0,1225680.0,1225880.0,1225882.5
1516573613.5,2018-01-21 22:26:53.500000,1225980,1000000,1225750,1000000,2000000,2000000,1226085.0,1225665.0,1225865.0,1225875.0
1516573613.5,2018-01-21 22:26:53.500000,1225950,1000000,1225750,1000000,2000000,2000000,1226070.0,1225665.0,1225850.0,1225867.5
1516573613.6,2018-01-21 22:26:53.600000,1225950,1000000,1225730,1000000,2000000,2000000,1226070.0,1225655.0,1225840.0,1225862.5
1516573613.6,2018-01-21 22:26:53.600000,1225930,1000000,1225730,1000000,2000000,2000000,1226060.0,1225655.0,1225830.0,1225857.5
1516573613.7,2018-01-21 22:26:53.700000,1225930,1000000,1225720,1000000,2000000,2000000,1226060.0,1225650.0,1225825.0,1225855.0
1516573613.7,2018-01-21 22:26:53.700000,1225920,1000000,1225720,1000000,2000000,2000000,1226055.0,1225650.0,1225820.0,1225852.5
1516573620.0,2018-01-21 22:27:00.000000,1225920,1000000,1225750,1000000,2000000,2000000,1226040.0,1225650.0,1225835.0,1225845.0
1516573620.0,2018-01-21 22:27:00.000000,1225950,1000000,1225750,1000000,2000000,2000000,1226055.0,1225650.0,1225850.0,1225852.5
1516573620.1,2018-01-21 22:27:00.100000,1225950,1000000,1225760,1000000,2000000,2000000,1226055.0,1225655.0,1225855.0,1225855.0
1516573620.1,2018-01-21 22:27:00.100000,1225960,1000000,1225760,1000000,2000000,2000000,1226060.0,1225655.0,1225860.0,1225857.5
1516573620.1,2018-01-21 22:27:00.100000,1225960,1000000,1225780,1000000,2000000,2000000,1226060.0,1225665.0,1225870.0,1225862.5
1516573620.1,2018-01-21 22:27:00.100000,1225980,1000000,1225780,1000000,2000000,2000000,1226070.0,1225665.0,1225880.0,1225867.5
1516573622.0,2018-01-21 22:27:02.000000,1225980,1000000,1225790,1000000,2000000,2000000,1226085.0,1225685.0,1225885.0,1225885.0
1516573622.0,2018-01-21 22:27:02.000000,1225990,1000000,1225790,1000000,2000000,2000000,1226090.0,1225685.0,1225890.0,1225887.5
1516573624.5,2018-01-21 22:27:04.500000,1226090,1000000,1225690,1000000,4000000,4000000,1226330.0,1225450.0,1225890.0,1225890.0
1516573629.2,2018-01-21 22:27:09.200000,1226090,1000000,1225850,250000,4000000,4250000,1226330.0,1225473.5294117648,1225970.0,1225901.7647058824
1516573629.2,2018-01-21 22:27:09.200000,1225990,1000000,1225850,250000,2000000,2250000,1226090.0,1225703.3333333333,1225920.0,1225896.6666666665
1516573629.2,2018-01-21 22:27:09.200000,1226000,1000000,1225850,250000,2000000,2500000,1226095.0,1225714.0,1225925.0,1225904.5
1516573661.6,2018-01-21 22:27:41.600000,1226090,1000000,1225770,250000,4000000,4250000,1226330.0,1225447.6470588236,1225930.0,1225888.8235294118
1516573661.6,2018-01-21 22:27:41.600000,1226000,1000000,1225800,1000000,2000000,2250000,1226095.0,1225698.888888889,1225900.0,1225896.9444444445
1516573661.6,2018-01-21 22:27:41.600000,1226090,1000000,1225660,1000000,4000000,4000000,1226330.0,1225427.5,1225875.0,1225878.75
1516573661.6,2018-01-21 22:27:41.600000,1225990,1000000,1225790,1000000,2000000,2000000,1226090.0,1225685.0,1225890.0,1225887.5
1516573661.6,2018-01-21 22:27:41.600000,1226090,1000000,1225870,250000,4000000,4250000,1226330.0,1225453.5294117648,1225980.0,1225891.7647058824
1516573661.6,2018-01-21 22:27:41.600000,1225990,1000000,1225870,250000,2000000,2250000,1226090.0,1225705.5555555555,1225930.0,1225897.7777777778
1516573676.1,2018-01-21 22:27:56.100000,1226090,1000000,1225820,250000,4000000,4250000,1226330.0,1225450.5882352942,1225955.0,1225890.2941176472
1516573676.1,2018-01-21 22:27:56.100000,1225990,1000000,1225820,250000,2000000,2250000,1226115.0,1225722.2222222222,1225905.0,1225918.611111111
1516573676.1,2018-01-21 22:27:56.100000,1225980,1000000,1225820,250000,2000000,2250000,1226070.0,1225682.2222222222,1225900.0,1225876.111111111
1516573676.1,2018-01-21 22:27:56.100000,1226040,1000000,1225820,250000,4000000,4250000,1226317.5,1225420.0,1225930.0,1225868.75
1516573676.1,2018-01-21 22:27:56.100000,1226040,1000000,1225610,1000000,4000000,4000000,1226292.5,1225395.0,1225825.0,1225843.75
1516573676.1,2018-01-21 22:27:56.100000,1225980,1000000,1225780,1000000,2000000,2000000,1226070.0,1225665.0,1225880.0,1225867.5
1516573676.1,2018-01-21 22:27:56.100000,1226040,1000000,1225820,130000,4000000,4130000,1226292.5,1225408.377723971,1225930.0,1225850.4388619855
1516573676.1,2018-01-21 22:27:56.100000,1225980,1000000,1225820,130000,2000000,2130000,1226070.0,1225674.4600938966,1225900.0,1225872.2300469484
1516573676.2,2018-01-21 22:27:56.200000,1225960,1000000,1225820,130000,2000000,2130000,1226060.0,1225665.0704225353,1225890.0,1225862.5352112676
1516573676.2,2018-01-21 22:27:56.200000,1225920,1000000,1225820,130000,2000000,2130000,1226040.0,1225646.2910798122,1225870.0,1225843.145539906
1516573678.0,2018-01-21 22:27:58.000000,1226040,1000000,1225850,130000,4000000,4260000,1226292.5,1225421.854460094,1225945.0,1225857.177230047
1516573678.0,2018-01-21 22:27:58.000000,1225920,1000000,1225850,130000,2000000,2260000,1226040.0,1225658.0088495575,1225885.0,1225849.0044247787
1516573678.0,2018-01-21 22:27:58.000000,1226040,1000000,1225820,130000,4000000,4130000,1226292.5,1225408.377723971,1225930.0,1225850.4388619855
1516573678.0,2018-01-21 22:27:58.000000,1225920,1000000,1225820,130000,2000000,2130000,1226040.0,1225646.2910798122,1225870.0,1225843.145539906
1516573678.0,2018-01-21 22:27:58.000000,1226040,1000000,1225610,1000000,4000000,4000000,1226292.5,1225395.0,1225825.0,1225843.75
1516573678.0,2018-01-21 22:27:58.000000,1225920,1000000,1225720,1000000,2000000,2000000,1226040.0,1225635.0,1225820.0,1225837.5
1516573678.0,2018-01-21 22:27:58.000000,1226040,1000000,1225820,60000,4000000,4060000,1226292.5,1225401.2807881774,1225930.0,1225846.8903940888
1516573678.0,2018-01-21 22:27:58.000000,1225920,1000000,1225820,60000,2000000,2060000,1226040.0,1225640.3883495145,1225870.0,1225840.1941747572
1516573679.6,2018-01-21 22:27:59.600000,1225900,1000000,1225820,60000,2000000,2060000,1226025.0,1225625.8252427184,1225860.0,1225825.4126213593
1516573679.6,2018-01-21 22:27:59.600000,1226040,1000000,1225840,60000,4000000,4120000,1226292.5,1225407.6699029126,1225940.0,1225850.0849514562
1516573679.6,2018-01-21 22:27:59.600000,1225900,1000000,1225840,60000,2000000,2120000,1226025.0,1225631.8867924528,1225870.0,1225828.4433962265
1516573679.6,2018-01-21 22:27:59.600000,1226040,1000000,1225820,60000,4000000,4060000,1226292.5,1225401.2807881774,1225930.0,1225846.8903940888
1516573679.6,2018-01-21 22:27:59.600000,1225900,1000000,1225820,60000,2000000,2060000,1226015.0,1225616.1165048543,1225860.0,1225815.5582524273
1516573680.6,2018-01-21 22:28:00.600000,1226040,1000000,1225610,1000000,4000000,4000000,1226292.5,1225395.0,1225825.0,1225843.75
1516573680.6,2018-01-21 22:28:00.600000,1225900,1000000,1225700,1000000,2000000,2000000,1226025.0,1225620.0,1225800.0,1225822.5
1516573681.0,2018-01-21 22:28:01.000000,1226040,1000000,1225840,70000,4000000,4070000,1226292.5,1225402.6535626536,1225940.0,1225847.576781327
1516573681.0,2018-01-21 22:28:01.000000,1225900,1000000,1225840,70000,2000000,2070000,1226025.0,1225627.4396135265,1225870.0,1225826.2198067633
1516573681.0,2018-01-21 22:28:01.000000,1226040,1000000,1225610,1000000,4000000,4000000,1226292.5,1225395.0,1225825.0,1225843.75
1516573681.0,2018-01-21 22:28:01.000000,1225900,1000000,1225700,1000000,2000000,2000000,1226025.0,1225620.0,1225800.0,1225822.5
1516573690.4,2018-01-21 22:28:10.400000,1226040,1000000,1225560,2000000,4000000,4000000,1226292.5,1225352.5,1225800.0,1225822.5
1516573690.4,2018-01-21 22:28:10.400000,1226040,1000000,1225440,1000000,4000000,4000000,1226292.5,1225287.5,1225740.0,1225790.0
1516573690.4,2018-01-21 22:28:10.400000,1226020,1000000,1225440,1000000,4000000,4000000,1226252.5,1225287.5,1225730.0,1225770.0
1516573690.4,2018-01-21 22:28:10.400000,1225900,1000000,1225380,1000000,2000000,1000000,1225945.0,1225380.0,1225640.0,1225662.5
1516573690.4,2018-01-21 22:28:10.400000,1225860,1000000,1225380,1000000,2000000,1000000,1225925.0,1225380.0,1225620.0,1225652.5
1516573690.4,2018-01-21 22:28:10.400000,1225860,1000000,1225370,1000000,2000000,1000000,1225925.0,1225370.0,1225615.0,1225647.5
1516573690.4,2018-01-21 22:28:10.400000,1225860,1000000,1225340,1000000,2000000,1000000,1225905.0,1225340.0,1225600.0,1225622.5
1516573690.4,2018-01-21 22:28:10.400000,1225860,1000000,1225570,1000000,2000000,2000000,1225905.0,1225455.0,1225715.0,1225680.0
1516573690.4,2018-01-21 22:28:10.400000,1225770,1000000,1225570,1000000,2000000,2000000,1225860.0,1225455.0,1225670.0,1225657.5
1516573690.5,2018-01-21 22:28:10.500000,1225770,1000000,1225540,1000000,2000000,2000000,1225860.0,1225440.0,1225655.0,1225650.0
1516573690.5,2018-01-21 22:28:10.500000,1225740,1000000,1225540,1000000,2000000,2000000,1225845.0,1225440.0,1225640.0,1225642.5
1516573700.6,2018-01-21 22:28:20.600000,1225910,1000000,1225440,1000000,4000000,4000000,1226120.0,1225242.5,1225675.0,1225681.25
1516573700.9,2018-01-21 22:28:20.900000,1225740,1000000,1225530,1000000,2000000,2000000,1225850.0,1225440.0,1225635.0,1225645.0
1516573700.9,2018-01-21 22:28:20.900000,1225730,1000000,1225530,1000000,2000000,2000000,1225845.0,1225440.0,1225630.0,1225642.5
1516573700.9,2018-01-21 22:28:20.900000,1225730,1000000,1225510,1000000,2000000,2000000,1225845.0,1225430.0,1225620.0,1225637.5
1516573700.9,2018-01-21 22:28:20.900000,1225710,1000000,1225510,1000000,2000000,2000000,1225835.0,1225430.0,1225610.0,1225632.5
1516573701.0,2018-01-21 22:28:21.000000,1225710,1000000,1225500,1000000,2000000,2000000,1225830.0,1225420.0,1225605.0,1225625.0
1516573701.0,2018-01-21 22:28:21.000000,1225700,1000000,1225500,1000000,2000000,2000000,1225825.0,1225420.0,1225600.0,1225622.5
1516573715.7,2018-01-21 22:28:35.700000,1225700,1000000,1225520,1000000,2000000,2000000,1225825.0,1225430.0,1225610.0,1225627.5
1516573715.7,2018-01-21 22:28:35.700000,1225720,1000000,1225520,1000000,2000000,2000000,1225835.0,1225430.0,1225620.0,1225632.5
1516573716.0,2018-01-21 22:28:36.000000,1225720,1000000,1225540,1000000,2000000,2000000,1225835.0,1225440.0,1225630.0,1225637.5
1516573716.0,2018-01-21 22:28:36.000000,1225740,1000000,1225540,1000000,2000000,2000000,1225845.0,1225440.0,1225640.0,1225642.5
1516573719.9,2018-01-21 22:28:39.900000,1225740,1000000,1225520,1000000,2000000,2000000,1225845.0,1225430.0,1225630.0,1225637.5
1516573719.9,2018-01-21 22:28:39.900000,1225720,1000000,1225520,1000000,2000000,2000000,1225835.0,1225430.0,1225620.0,1225632.5
1516573720.0,2018-01-21 22:28:40.000000,1225720,1000000,1225510,1000000,2000000,2000000,1225835.0,1225425.0,1225615.0,1225630.0
1516573720.0,2018-01-21 22:28:40.000000,1225710,1000000,1225510,1000000,2000000,2000000,1225830.0,1225425.0,1225610.0,1225627.5
1516573722.1,2018-01-21 22:28:42.100000,1225860,1000000,1225440,1000000,4000000,4000000,1226107.5,1225222.5,1225650.0,1225665.0
1516573722.2,2018-01-21 22:28:42.200000,1225710,1000000,1225480,1000000,2000000,2000000,1225830.0,1225410.0,1225595.0,1225620.0
1516573722.2,2018-01-21 22:28:42.200000,1225680,1000000,1225480,1000000,2000000,2000000,1225815.0,1225410.0,1225580.0,1225612.5
1516573722.2,2018-01-21 22:28:42.200000,1225680,1000000,1225460,1000000,2000000,2000000,1225815.0,1225400.0,1225570.0,1225607.5
1516573722.2,2018-01-21 22:28:42.200000,1225660,1000000,1225460,1000000,2000000,2000000,1225805.0,1225400.0,1225560.0,1225602.5
1516573732.3,2018-01-21 22:28:52.300000,1225660,1000000,1225480,1000000,2000000,2000000,1225795.0,1225400.0,1225570.0,1225597.5
1516573732.3,2018-01-21 22:28:52.300000,1225680,1000000,1225480,1000000,2000000,2000000,1225805.0,1225400.0,1225580.0,1225602.5
1516573733.4,2018-01-21 22:28:53.400000,1225680,1000000,1225460,1000000,2000000,2000000,1225805.0,1225390.0,1225570.0,1225597.5
1516573733.4,2018-01-21 22:28:53.400000,1225660,1000000,1225460,1000000,2000000,2000000,1225795.0,1225390.0,1225560.0,1225592.5
1516573737.8,2018-01-21 22:28:57.800000,1225660,1000000,1225440,1000000,2000000,2000000,1225790.0,1225375.0,1225550.0,1225582.5
1516573737.8,2018-01-21 22:28:57.800000,1225640,1000000,1225440,1000000,2000000,2000000,1225780.0,1225375.0,1225540.0,1225577.5
1516573737.9,2018-01-21 22:28:57.900000,1225640,1000000,1225420,1000000,2000000,2000000,1225780.0,1225365.0,1225530.0,1225572.5
1516573737.9,2018-01-21 22:28:57.900000,1225620,1000000,1225420,1000000,2000000,2000000,1225770.0,1225365.0,1225520.0,1225567.5
1516573738.0,2018-01-21 22:28:58.000000,1225620,1000000,1225460,1000000,2000000,2000000,1225770.0,1225385.0,1225540.0,1225577.5
1516573738.0,2018-01-21 22:28:58.000000,1225660,1000000,1225460,1000000,2000000,2000000,1225790.0,1225385.0,1225560.0,1225587.5
1516573738.0,2018-01-21 22:28:58.000000,1225660,1000000,1225470,1000000,2000000,2000000,1225790.0,1225390.0,1225565.0,1225590.0
1516573738.0,2018-01-21 22:28:58.000000,1225670,1000000,1225470,1000000,2000000,2000000,1225795.0,1225390.0,1225570.0,1225592.5
1516573738.1,2018-01-21 22:28:58.100000,1225670,1000000,1225500,1000000,2000000,2000000,1225795.0,1225405.0,1225585.0,1225600.0
1516573738.1,2018-01-21 22:28:58.100000,1225700,1000000,1225500,1000000,2000000,2000000,1225810.0,1225405.0,1225600.0,1225607.5
1516573746.9,2018-01-21 22:29:06.900000,1225700,1000000,1225510,1000000,2000000,2000000,1225815.0,1225415.0,1225605.0,1225615.0
1516573746.9,2018-01-21 22:29:06.900000,1225710,1000000,1225510,1000000,2000000,2000000,1225820.0,1225415.0,1225610.0,1225617.5
1516573747.0,2018-01-21 22:29:07.000000,1225710,1000000,1225530,1000000,2000000,2000000,1225820.0,1225425.0,1225620.0,1225622.5
1516573747.0,2018-01-21 22:29:07.000000,1225730,1000000,1225530,1000000,2000000,2000000,1225830.0,1225425.0,1225630.0,1225627.5
1516573747.0,2018-01-21 22:29:07.000000,1225730,1000000,1225510,1000000,2000000,2000000,1225830.0,1225415.0,1225620.0,1225622.5
1516573747.0,2018-01-21 22:29:07.000000,1225710,1000000,1225510,1000000,2000000,2000000,1225820.0,1225415.0,1225610.0,1225617.5
1516573747.0,2018-01-21 22:29:07.000000,1225710,1000000,1225530,1000000,2000000,2000000,1225820.0,1225425.0,1225620.0,1225622.5
1516573747.0,2018-01-21 22:29:07.000000,1225730,1000000,1225530,1000000,2000000,2000000,1225830.0,1225425.0,1225630.0,1225627.5
1516573747.1,2018-01-21 22:29:07.100000,1225730,1000000,1225550,1000000,2000000,2000000,1225830.0,1225435.0,1225640.0,1225632.5
1516573747.1,2018-01-21 22:29:07.100000,1225750,1000000,1225550,1000000,2000000,2000000,1225840.0,1225435.0,1225650.0,1225637.5
1516573747.1,2018-01-21 22:29:07.100000,1225770,1000000,1225570,1000000,2000000,2000000,1225850.0,1225445.0,1225670.0,1225647.5
1516573748.4,2018-01-21 22:29:08.400000,1225770,1000000,1225540,1000000,2000000,2000000,1225860.0,1225440.0,1225655.0,1225650.0
1516573748.4,2018-01-21 22:29:08.400000,1225740,1000000,1225540,1000000,2000000,2000000,1225845.0,1225440.0,1225640.0,1225642.5
1516573748.4,2018-01-21 22:29:08.400000,1225740,1000000,1225550,1000000,2000000,2000000,1225845.0,1225445.0,1225645.0,1225645.0
1516573748.4,2018-01-21 22:29:08.400000,1225750,1000000,1225550,1000000,2000000,2000000,1225850.0,1225445.0,1225650.0,1225647.5
1516573748.5,2018-01-21 22:29:08.500000,1225750,1000000,1225560,1000000,2000000,2000000,1225850.0,1225450.0,1225655.0,1225650.0
1516573748.5,2018-01-21 22:29:08.500000,1225760,1000000,1225560,1000000,2000000,2000000,1225855.0,1225450.0,1225660.0,1225652.5
1516573748.9,2018-01-21 22:29:08.900000,1225760,1000000,1225550,1000000,2000000,2000000,1225855.0,1225445.0,1225655.0,1225650.0
1516573748.9,2018-01-21 22:29:08.900000,1225750,1000000,1225550,1000000,2000000,2000000,1225850.0,1225445.0,1225650.0,1225647.5
1516573748.9,2018-01-21 22:29:08.900000,1225750,1000000,1225560,1000000,2000000,2000000,1225850.0,1225450.0,1225655.0,1225650.0
1516573748.9,2018-01-21 22:29:08.900000,1225760,1000000,1225560,1000000,2000000,2000000,1225855.0,1225450.0,1225660.0,1225652.5
1516573748.9,2018-01-21 22:29:08.900000,1225760,1000000,1225550,1000000,2000000,2000000,1225855.0,1225445.0,1225655.0,1225650.0
1516573748.9,2018-01-21 22:29:08.900000,1225750,1000000,1225550,1000000,2000000,2000000,1225850.0,1225445.0,1225650.0,1225647.5
1516573749.0,2018-01-21 22:29:09.000000,1225750,1000000,1225560,1000000,2000000,2000000,1225850.0,1225450.0,1225655.0,1225650.0
1516573749.0,2018-01-21 22:29:09.000000,1225760,1000000,1225560,1000000,2000000,2000000,1225855.0,1225450.0,1225660.0,1225652.5
1516573752.0,2018-01-21 22:29:12.000000,1225760,1000000,1225570,1000000,2000000,2000000,1225860.0,1225460.0,1225665.0,1225660.0
1516573752.0,2018-01-21 22:29:12.000000,1225770,1000000,1225570,1000000,2000000,2000000,1225865.0,1225460.0,1225670.0,1225662.5
1516573752.0,2018-01-21 22:29:12.000000,1225770,1000000,1225560,1000000,2000000,2000000,1225860.0,1225450.0,1225665.0,1225655.0
1516573752.0,2018-01-21 22:29:12.000000,1225760,1000000,1225560,1000000,2000000,2000000,1225855.0,1225450.0,1225660.0,1225652.5
1516573755.0,2018-01-21 22:29:15.000000,1225760,1000000,1225540,1000000,2000000,2000000,1225860.0,1225445.0,1225650.0,1225652.5
1516573755.0,2018-01-21 22:29:15.000000,1225740,1000000,1225540,1000000,2000000,2000000,1225850.0,1225445.0,1225640.0,1225647.5
1516573755.0,2018-01-21 22:29:15.000000,1225740,1000000,1225550,1000000,2000000,2000000,1225850.0,1225450.0,1225645.0,1225650.0
1516573755.0,2018-01-21 22:29:15.000000,1225750,1000000,1225550,1000000,2000000,2000000,1225855.0,1225450.0,1225650.0,1225652.5
1516573757.3,2018-01-21 22:29:17.300000,1225750,1000000,1225540,1000000,2000000,2000000,1225850.0,1225440.0,1225645.0,1225645.0
1516573757.3,2018-01-21 22:29:17.300000,1225740,1000000,1225540,1000000,2000000,2000000,1225845.0,1225440.0,1225640.0,1225642.5
1516573757.4,2018-01-21 22:29:17.400000,1225740,1000000,1225520,1000000,2000000,2000000,1225845.0,1225430.0,1225630.0,1225637.5
1516573757.4,2018-01-21 22:29:17.400000,1225720,1000000,1225520,1000000,2000000,2000000,1225835.0,1225430.0,1225620.0,1225632.5
1516573757.4,2018-01-21 22:29:17.400000,1225720,1000000,1225510,1000000,2000000,2000000,1225835.0,1225425.0,1225615.0,1225630.0
1516573757.4,2018-01-21 22:29:17.400000,1225710,1000000,1225510,1000000,2000000,2000000,1225830.0,1225425.0,1225610.0,1225627.5
1516573759.5,2018-01-21 22:29:19.500000,1225710,1000000,1225500,1000000,2000000,2000000,1225830.0,1225420.0,1225605.0,1225625.0
1516573759.5,2018-01-21 22:29:19.500000,1225700,1000000,1225500,1000000,2000000,2000000,1225825.0,1225420.0,1225600.0,1225622.5
1516573766.9,2018-01-21 22:29:26.900000,1225700,1000000,1225510,1000000,2000000,2000000,1225815.0,1225415.0,1225605.0,1225615.0
1516573766.9,2018-01-21 22:29:26.900000,1225710,1000000,1225510,1000000,2000000,2000000,1225820.0,1225415.0,1225610.0,1225617.5
1516573766.9,2018-01-21 22:29:26.900000,1225720,850000,1225440,1000000,4850000,4000000,1226035.4639175257,1225222.5,1225580.0,1225628.9819587627
1516573781.6,2018-01-21 22:29:41.600000,1225710,1000000,1225530,1000000,2850000,2000000,1225797.1929824562,1225435.0,1225620.0,1225616.096491228
1516573781.6,2018-01-21 22:29:41.600000,1225720,850000,1225530,1000000,2850000,2000000,1225804.2105263157,1225435.0,1225625.0,1225619.6052631577
1516573782.0,2018-01-21 22:29:42.000000,1225720,850000,1225520,1000000,2850000,2000000,1225804.2105263157,1225430.0,1225620.0,1225617.1052631577
1516573782.0,2018-01-21 22:29:42.000000,1225720,1000000,1225520,1000000,2850000,2000000,1225800.701754386,1225430.0,1225620.0,1225615.350877193
1516573799.7,2018-01-21 22:29:59.700000,1225720,1000000,1225560,1000000,2850000,2000000,1225811.2280701755,1225465.0,1225640.0,1225638.1140350876
1516573799.7,2018-01-21 22:29:59.700000,1225720,850000,1225560,1000000,2850000,2000000,1225825.2631578948,1225465.0,1225640.0,1225645.1315789474
1516573804.7,2018-01-21 22:30:04.700000,1225720,850000,1225540,1000000,7550000,10900000,1230302.9139072848,1202874.7706422019,1225630.0,1216588.8422747434
1516573811.5,2018-01-21 22:30:11.500000,1225750,1000000,1225540,1000000,6700000,10900000,1230885.8208955224,1202875.6880733946,1225645.0,1216880.7544844584
1516573811.5,2018-01-21 22:30:11.500000,1225760,1000000,1225560,1000000,3700000,7900000,1234655.4054054054,1194409.4936708861,1225660.0,1214532.4495381457
1516573811.5,2018-01-21 22:30:11.500000,1225770,1000000,1225590,1000000,6700000,10900000,1230888.8059701493,1202894.0366972478,1225680.0,1216891.4213336986
1516573811.5,2018-01-21 22:30:11.500000,1225760,1000000,1225590,1000000,3700000,7900000,1234655.4054054054,1194413.2911392406,1225675.0,1214534.3482723231
1516573811.5,2018-01-21 22:30:11.500000,1225790,1000000,1225590,1000000,3700000,7900000,1234663.5135135136,1194413.2911392406,1225690.0,1214538.402326377
1516573811.5,2018-01-21 22:30:11.500000,1225810,1000000,1225590,1000000,6700000,10900000,1230894.776119403,1202894.0366972478,1225700.0,1216894.4064083253
1516573811.5,2018-01-21 22:30:11.500000,1225800,1000000,1225590,1000000,6700000,10900000,1230893.2835820895,1202894.0366972478,1225695.0,1216893.6601396687
1516573811.6,2018-01-21 22:30:11.600000,1225810,1000000,1225590,1000000,6700000,10900000,1230894.776119403,1202894.0366972478,1225700.0,1216894.4064083253
1516573811.6,2018-01-21 22:30:11.600000,1225820,1000000,1225590,1000000,6700000,10900000,1230896.2686567164,1202894.0366972478,1225705.0,1216895.152676982
1516573811.6,2018-01-21 22:30:11.600000,1225790,1000000,1225610,1000000,3700000,7900000,1234671.6216216215,1194419.6202531646,1225700.0,1214545.620937393
1516573811.6,2018-01-21 22:30:11.600000,1225810,1000000,1225610,1000000,3700000,7900000,1234677.027027027,1194419.6202531646,1225710.0,1214548.3236400958
1516573811.6,2018-01-21 22:30:11.600000,1225830,1000000,1225590,1000000,6700000,10900000,1230897.7611940298,1202894.0366972478,1225710.0,1216895.898945639
1516573811.6,2018-01-21 22:30:11.600000,1225840,1000000,1225590,1000000,6700000,10900000,1230899.2537313432,1202894.0366972478,1225715.0,1216896.6452142955
1516573811.6,2018-01-21 22:30:11.600000,1225830,1000000,1225590,1000000,6700000,10900000,1230897.7611940298,1202894.0366972478,1225710.0,1216895.898945639
1516573811.6,2018-01-21 22:30:11.600000,1225840,1000000,1225590,1000000,6700000,10900000,1230899.2537313432,1202894.0366972478,1225715.0,1216896.6452142955
1516573811.6,2018-01-21 22:30:11.600000,1225840,1000000,1225600,1000000,6700000,10900000,1230899.2537313432,1202894.9541284405,1225720.0,1216897.1039298917
1516573812.2,2018-01-21 22:30:12.200000,1225810,1000000,1225630,1000000,3700000,7900000,1234677.027027027,1194422.1518987343,1225720.0,1214549.5894628805
1516573812.2,2018-01-21 22:30:12.200000,1225830,1000000,1225630,1000000,3700000,7900000,1234682.4324324324,1194422.1518987343,1225730.0,1214552.2921655835
1516573812.2,2018-01-21 22:30:12.200000,1225850,1000000,1225600,1000000,6700000,10900000,1230878.3582089553,1202881.1926605504,1225725.0,1216879.775434753
1516573812.3,2018-01-21 22:30:12.300000,1225830,1000000,1225640,1000000,3700000,7900000,1234685.1351351351,1194424.6835443038,1225735.0,1214554.9093397195
1516573812.3,2018-01-21 22:30:12.300000,1225840,1000000,1225640,1000000,3700000,7900000,1234687.8378378379,1194424.6835443038,1225740.0,1214556.260691071
1516573812.6,2018-01-21 22:30:12.600000,1225850,1000000,1225630,2000000,6700000,12900000,1230878.3582089553,1206408.1395348837,1225740.0,1218643.2488719195
1516573812.6,2018-01-21 22:30:12.600000,1225740,1000000,1225630,2000000,7700000,12900000,1230211.038961039,1206408.1395348837,1225685.0,1218309.5892479613
1516573812.6,2018-01-21 22:30:12.600000,1225840,1000000,1225630,1000000,3700000,7900000,1234687.8378378379,1194423.417721519,1225735.0,1214555.6277796784
1516573812.6,2018-01-21 22:30:12.600000,1225830,1000000,1225630,1000000,3700000,7900000,1234685.1351351351,1194423.417721519,1225730.0,1214554.276428327
1516573812.7,2018-01-21 22:30:12.700000,1225830,1000000,1225620,1000000,3700000,7900000,1234685.1351351351,1194422.1518987343,1225725.0,1214553.6435169347
1516573812.7,2018-01-21 22:30:12.700000,1225820,1000000,1225620,1000000,3700000,7900000,1234682.4324324324,1194422.1518987343,1225720.0,1214552.2921655835
1516573813.8,2018-01-21 22:30:13.800000,1225820,1000000,1225610,1000000,3700000,7900000,1234679.7297297297,1194419.6202531646,1225715.0,1214549.674991447
1516573813.8,2018-01-21 22:30:13.800000,1225810,1000000,1225610,1000000,3700000,7900000,1234677.027027027,1194419.6202531646,1225710.0,1214548.3236400958
1516573815.3,2018-01-21 22:30:15.300000,1225810,1000000,1225630,2000000,6700000,12900000,1230872.3880597015,1206408.1395348837,1225720.0,1218640.2637972925
1516573815.3,2018-01-21 22:30:15.300000,1225820,1000000,1225630,2000000,8700000,12900000,1229714.367816092,1206408.1395348837,1225725.0,1218061.2536754878
1516573815.3,2018-01-21 22:30:15.300000,1225810,1000000,1225620,1000000,3700000,7900000,1234677.027027027,1194420.8860759493,1225715.0,1214548.956551488
1516573815.3,2018-01-21 22:30:15.300000,1225820,1000000,1225620,1000000,3700000,7900000,1234679.7297297297,1194420.8860759493,1225720.0,1214550.3079028395
1516573815.4,2018-01-21 22:30:15.400000,1225820,1000000,1225630,1000000,8700000,11900000,1229714.367816092,1204792.857142857,1225725.0,1217253.6124794744
1516573816.3,2018-01-21 22:30:16.300000,1225740,1000000,1225630,2000000,7700000,12900000,1230207.142857143,1206408.1395348837,1225685.0,1218307.6411960134
1516573822.7,2018-01-21 22:30:22.700000,1225820,1000000,1225610,1000000,3700000,7900000,1234679.7297297297,1194419.6202531646,1225715.0,1214549.674991447
1516573822.7,2018-01-21 22:30:22.700000,1225810,1000000,1225610,1000000,3700000,7900000,1234677.027027027,1194419.6202531646,1225710.0,1214548.3236400958
1516573826.6,2018-01-21 22:30:26.600000,1225720,1000000,1225610,2000000,7700000,12900000,1230203.2467532468,1206405.03875969,1225665.0,1218304.1427564684
1516573833.9,2018-01-21 22:30:33.900000,1225760,1000000,1225610,1000000,4700000,7900000,1232779.7872340425,1194419.6202531646,1225685.0,1213599.7037436035
1516573833.9,2018-01-21 22:30:33.900000,1225760,1000000,1225590,1000000,4700000,7900000,1232779.7872340425,1194417.0886075948,1225675.0,1213598.4379208186
1516573833.9,2018-01-21 22:30:33.900000,1225790,1000000,1225590,1000000,3700000,7900000,1234671.6216216215,1194417.0886075948,1225690.0,1214544.355114608
1516573833.9,2018-01-21 22:30:33.900000,1225760,800000,1225590,1000000,4500000,7900000,1233087.3333333333,1194417.0886075948,1225675.0,1213752.2109704642
1516573834.8,2018-01-21 22:30:34.800000,1225790,1000000,1225590,1000000,3700000,7900000,1234671.6216216215,1194417.0886075948,1225690.0,1214544.355114608
1516573834.8,2018-01-21 22:30:34.800000,1225750,1000000,1225590,1000000,4700000,7900000,1232769.1489361702,1194414.5569620254,1225670.0,1213591.8529490978
1516573845.4,2018-01-21 22:30:45.400000,1225730,1000000,1225620,2000000,8700000,12900000,1229689.08045977,1206369.3798449612,1225675.0,1218029.2301523658
1516573859.8,2018-01-21 22:30:59.800000,1225790,1000000,1225590,1000000,3700000,7900000,1234666.2162162163,1194414.5569620254,1225690.0,1214540.3865891208
1516573859.8,2018-01-21 22:30:59.800000,1225740,800000,1225600,1000000,4500000,7900000,1233081.5555555555,1194415.82278481,1225670.0,1213748.6891701827
1516573859.8,2018-01-21 22:30:59.800000,1225740,800000,1225580,1000000,4500000,7900000,1233081.5555555555,1194413.2911392406,1225660.0,1213747.4233473982
1516573864.2,2018-01-21 22:31:04.200000,1225740,800000,1225610,1000000,4500000,7900000,1233077.111111111,1194417.0886075948,1225675.0,1213747.099859353
1516573864.8,2018-01-21 22:31:04.800000,1225810,1000000,1225610,1000000,3700000,7900000,1234671.6216216215,1194417.0886075948,1225710.0,1214544.355114608
1516573864.8,2018-01-21 22:31:04.800000,1225810,1000000,1225620,1000000,3700000,7900000,1234671.6216216215,1194418.3544303798,1225715.0,1214544.9880260006
1516573864.8,2018-01-21 22:31:04.800000,1225820,1000000,1225620,1000000,3700000,7900000,1234674.3243243243,1194418.3544303798,1225720.0,1214546.339377352
1516573864.8,2018-01-21 22:31:04.800000,1225740,1000000,1225620,1000000,4700000,7900000,1232773.4042553192,1194418.3544303798,1225680.0,1213595.8793428494
1516573864.8,2018-01-21 22:31:04.800000,1225820,1000000,1225620,1000000,3700000,7900000,1234674.3243243243,1194418.3544303798,1225720.0,1214546.339377352
1516573864.8,2018-01-21 22:31:04.800000,1225740,800000,1225620,1000000,4500000,7900000,1233086.0,1194418.3544303798,1225680.0,1213752.17721519
1516573864.8,2018-01-21 22:31:04.800000,1225820,1000000,1225620,1000000,3700000,7900000,1234674.3243243243,1194418.3544303798,1225720.0,1214546.339377352
1516573864.8,2018-01-21 22:31:04.800000,1225740,1000000,1225620,1000000,4700000,7900000,1232773.4042553192,1194418.3544303798,1225680.0,1213595.8793428494
1516573864.8,2018-01-21 22:31:04.800000,1225740,1000000,1225610,1000000,4700000,7900000,1232773.4042553192,1194417.0886075948,1225675.0,1213595.2464314569
1516573864.8,2018-01-21 22:31:04.800000,1225740,1000000,1225580,1000000,4700000,7900000,1232771.2765957448,1194413.2911392406,1225660.0,1213592.2838674928
1516573880.2,2018-01-21 22:31:20.200000,1225740,1000000,1225630,2000000,8700000,12900000,1229725.8620689656,1206377.1317829457,1225685.0,1218051.4969259556
1516573889.8,2018-01-21 22:31:29.800000,1225780,1000000,1225580,1000000,3700000,7900000,1234668.9189189188,1194415.82278481,1225680.0,1214542.3708518646
1516573889.8,2018-01-21 22:31:29.800000,1225740,800000,1225630,2000000,8500000,12900000,1229819.6470588236,1206377.1317829457,1225685.0,1218098.3894208847
1516573889.8,2018-01-21 22:31:29.800000,1225740,800000,1225580,1000000,4500000,7900000,1233081.5555555555,1194415.82278481,1225660.0,1213748.6891701827
1516573894.8,2018-01-21 22:31:34.800000,1225740,1000000,1225630,2000000,7700000,12900000,1230246.1038961038,1206398.8372093022,1225685.0,1218322.470552703
1516573894.8,2018-01-21 22:31:34.800000,1225780,1000000,1225580,1000000,3700000,7900000,1234663.5135135136,1194413.2911392406,1225680.0,1214538.402326377
1516573894.8,2018-01-21 22:31:34.800000,1225750,1000000,1225580,1000000,4700000,7900000,1232767.0212765958,1194413.2911392406,1225665.0,1213590.1562079182
1516573898.6,2018-01-21 22:31:38.600000,1225740,1000000,1225630,1000000,8700000,11900000,1229728.1609195403,1204759.243697479,1225685.0,1217243.7023085095
1516573911.0,2018-01-21 22:31:51.000000,1225730,1000000,1225620,2000000,8700000,12900000,1229727.0114942528,1206375.5813953488,1225675.0,1218051.2964448007
1516573913.9,2018-01-21 22:31:53.900000,1225780,1000000,1225580,1000000,3700000,7900000,1234663.5135135136,1194413.2911392406,1225680.0,1214538.402326377
1516573927.3,2018-01-21 22:32:07.300000,1225780,1000000,1225630,1000000,3700000,7900000,1234668.9189189188,1194422.1518987343,1225705.0,1214545.5354088265
1516573927.3,2018-01-21 22:32:07.300000,1225730,1000000,1225630,1000000,3700000,7900000,1234655.4054054054,1194422.1518987343,1225680.0,1214538.7786520699
1516573942.0,2018-01-21 22:32:22.000000,1225730,1000000,1225620,1000000,3700000,7900000,1234650.0,1194418.3544303798,1225675.0,1214534.17721519
1516573942.0,2018-01-21 22:32:22.000000,1225720,1000000,1225620,1000000,3700000,7900000,1234647.2972972973,1194418.3544303798,1225670.0,1214532.8258638387
1516573951.9,2018-01-21 22:32:31.900000,1225720,1000000,1225640,1000000,3700000,7900000,1234644.5945945946,1194419.6202531646,1225680.0,1214532.1074238797
1516573951.9,2018-01-21 22:32:31.900000,1225740,1000000,1225640,1000000,3700000,7900000,1234650.0,1194419.6202531646,1225690.0,1214534.8101265822
1516573955.4,2018-01-21 22:32:35.400000,1225730,1000000,1225640,100000,7700000,13000000,1230253.8961038962,1206589.923076923,1225685.0,1218421.9095904096
1516573955.4,2018-01-21 22:32:35.400000,1225730,1000000,1225620,2000000,7700000,12900000,1230253.8961038962,1206442.2480620155,1225675.0,1218348.0720829559
1516573955.4,2018-01-21 22:32:35.400000,1225730,1000000,1225640,80000,7700000,12980000,1230253.8961038962,1206560.5701078582,1225685.0,1218407.2331058772
1516573957.0,2018-01-21 22:32:37.000000,1225710,1000000,1225640,80000,7700000,12980000,1230251.2987012987,1206555.9476117103,1225675.0,1218403.6231565045
1516573957.0,2018-01-21 22:32:37.000000,1225740,1000000,1225640,80000,3700000,7980000,1234652.7027027027,1194731.3533834587,1225690.0,1214692.0280430806
1516573957.0,2018-01-21 22:32:37.000000,1225720,1000000,1225640,80000,3700000,7980000,1234647.2972972973,1194731.3533834587,1225680.0,1214689.325340378
1516573959.0,2018-01-21 22:32:39.000000,1225710,1000000,1225590,2000000,7700000,12900000,1230250.0,1206436.046511628,1225650.0,1218343.0232558139
1516573959.0,2018-01-21 22:32:39.000000,1225720,1000000,1225620,1000000,3700000,7900000,1234647.2972972973,1194418.3544303798,1225670.0,1214532.8258638387
1516573959.0,2018-01-21 22:32:39.000000,1225710,1000000,1225620,100000,7700000,13000000,1230250.0,1206583.6153846155,1225665.0,1218416.8076923077
1516573959.0,2018-01-21 22:32:39.000000,1225710,1000000,1225590,2000000,7700000,12900000,1230250.0,1206436.046511628,1225650.0,1218343.0232558139
1516573959.0,2018-01-21 22:32:39.000000,1225710,1000000,1225620,80000,7700000,12980000,1230250.0,1206554.283513097,1225665.0,1218402.1417565485
1516573959.0,2018-01-21 22:32:39.000000,1225710,1000000,1225590,2000000,7700000,12900000,1230250.0,1206436.046511628,1225650.0,1218343.0232558139
1516573959.0,2018-01-21 22:32:39.000000,1225710,1000000,1225620,100000,7700000,13000000,1230250.0,1206583.6153846155,1225665.0,1218416.8076923077
1516573959.0,2018-01-21 22:32:39.000000,1225710,1000000,1225590,2000000,7700000,12900000,1230250.0,1206436.046511628,1225650.0,1218343.0232558139
1516573959.0,2018-01-21 22:32:39.000000,1225710,1000000,1225620,80000,7700000,12980000,1230250.0,1206554.283513097,1225665.0,1218402.1417565485
1516573959.1,2018-01-21 22:32:39.100000,1225710,1000000,1225590,2000000,7700000,12900000,1230250.0,1206436.046511628,1225650.0,1218343.0232558139
1516573959.1,2018-01-21 22:32:39.100000,1225710,1000000,1225620,100000,7700000,13000000,1230250.0,1206583.6153846155,1225665.0,1218416.8076923077
1516573959.1,2018-01-21 22:32:39.100000,1225710,1000000,1225590,2000000,7700000,12900000,1230250.0,1206436.046511628,1225650.0,1218343.0232558139
1516573959.1,2018-01-21 22:32:39.100000,1225710,1000000,1225620,80000,7700000,12980000,1230250.0,1206554.283513097,1225665.0,1218402.1417565485
1516573959.2,2018-01-21 22:32:39.200000,1225710,1000000,1225590,2000000,7700000,12900000,1230250.0,1206436.046511628,1225650.0,1218343.0232558139
1516573959.2,2018-01-21 22:32:39.200000,1225710,1000000,1225620,100000,7700000,13000000,1230250.0,1206583.6153846155,1225665.0,1218416.8076923077
1516573959.2,2018-01-21 22:32:39.200000,1225710,1000000,1225590,2000000,7700000,12900000,1230250.0,1206436.046511628,1225650.0,1218343.0232558139
1516573959.2,2018-01-21 22:32:39.200000,1225710,1000000,1225620,80000,7700000,12980000,1230250.0,1206554.283513097,1225665.0,1218402.1417565485
1516573959.2,2018-01-21 22:32:39.200000,1225710,1000000,1225590,2000000,7700000,12900000,1230250.0,1206436.046511628,1225650.0,1218343.0232558139
1516573959.3,2018-01-21 22:32:39.300000,1225710,1000000,1225620,100000,7700000,13000000,1230250.0,1206583.6153846155,1225665.0,1218416.8076923077
1516573959.8,2018-01-21 22:32:39.800000,1225710,1000000,1225590,2000000,7700000,12900000,1230250.0,1206436.046511628,1225650.0,1218343.0232558139
1516573959.8,2018-01-21 22:32:39.800000,1225710,1000000,1225620,80000,7700000,12980000,1230250.0,1206554.283513097,1225665.0,1218402.1417565485
1516573962.0,2018-01-21 22:32:42.000000,1225720,1000000,1225630,1000000,3700000,7980000,1234647.2972972973,1194732.4060150376,1225675.0,1214689.8516561673
1516573962.0,2018-01-21 22:32:42.000000,1225730,1000000,1225630,1000000,3700000,7980000,1234650.0,1194732.4060150376,1225680.0,1214691.2030075188
1516573964.8,2018-01-21 22:32:44.800000,1225710,1000000,1225600,1000000,7700000,12900000,1230250.0,1206436.8217054263,1225655.0,1218343.410852713
1516573964.8,2018-01-21 22:32:44.800000,1225710,1000000,1225620,100000,7700000,13000000,1230250.0,1206584.3846153845,1225665.0,1218417.1923076923
1516573964.8,2018-01-21 22:32:44.800000,1225710,1000000,1225600,1000000,7700000,12900000,1230250.0,1206436.8217054263,1225655.0,1218343.410852713
1516573964.8,2018-01-21 22:32:44.800000,1225710,1000000,1225620,80000,7700000,12980000,1230250.0,1206555.0539291217,1225665.0,1218402.5269645608
1516573964.8,2018-01-21 22:32:44.800000,1225710,1000000,1225600,1000000,7700000,12900000,1230250.0,1206436.8217054263,1225655.0,1218343.410852713
1516573964.8,2018-01-21 22:32:44.800000,1225710,1000000,1225620,100000,7700000,13000000,1230250.0,1206584.3846153845,1225665.0,1218417.1923076923
1516573964.8,2018-01-21 22:32:44.800000,1225710,1000000,1225600,1000000,7700000,12900000,1230250.0,1206436.8217054263,1225655.0,1218343.410852713
1516573964.8,2018-01-21 22:32:44.800000,1225710,1000000,1225620,80000,7700000,12980000,1230250.0,1206555.0539291217,1225665.0,1218402.5269645608
1516573964.9,2018-01-21 22:32:44.900000,1225710,1000000,1225600,1000000,7700000,12900000,1230250.0,1206436.8217054263,1225655.0,1218343.410852713
1516573964.9,2018-01-21 22:32:44.900000,1225710,1000000,1225620,100000,7700000,13000000,1230250.0,1206584.3846153845,1225665.0,1218417.1923076923
1516573964.9,2018-01-21 22:32:44.900000,1225710,1000000,1225600,1000000,7700000,12900000,1230250.0,1206436.8217054263,1225655.0,1218343.410852713
1516573964.9,2018-01-21 22:32:44.900000,1225710,1000000,1225620,80000,7700000,12980000,1230250.0,1206555.0539291217,1225665.0,1218402.5269645608
1516573965.3,2018-01-21 22:32:45.300000,1225710,1000000,1225600,1000000,7700000,12900000,1230250.0,1206436.8217054263,1225655.0,1218343.410852713
1516573965.3,2018-01-21 22:32:45.300000,1225710,1000000,1225620,100000,7700000,13000000,1230250.0,1206584.3846153845,1225665.0,1218417.1923076923
1516573974.8,2018-01-21 22:32:54.800000,1225710,1000000,1225600,1000000,7700000,12900000,1230250.0,1206436.8217054263,1225655.0,1218343.410852713
1516573974.8,2018-01-21 22:32:54.800000,1225710,1000000,1225620,80000,7700000,12980000,1230250.0,1206555.0539291217,1225665.0,1218402.5269645608
1516573983.7,2018-01-21 22:33:03.700000,1225710,1000000,1225600,1000000,7700000,12900000,1230250.0,1206436.8217054263,1225655.0,1218343.410852713
1516573983.7,2018-01-21 22:33:03.700000,1225710,1000000,1225620,100000,7700000,13000000,1230250.0,1206584.3846153845,1225665.0,1218417.1923076923
1516573984.0,2018-01-21 22:33:04.000000,1225710,1000000,1225600,1000000,7700000,12900000,1230250.0,1206436.8217054263,1225655.0,1218343.410852713
1516573984.0,2018-01-21 22:33:04.000000,1225710,1000000,1225620,80000,7700000,12980000,1230250.0,1206555.0539291217,1225665.0,1218402.5269645608
1516573984.8,2018-01-21 22:33:04.800000,1225710,1000000,1225600,1000000,7700000,12900000,1230250.0,1206436.8217054263,1225655.0,1218343.410852713
1516573984.8,2018-01-21 22:33:04.800000,1225710,1000000,1225620,100000,7700000,13000000,1230250.0,1206584.3846153845,1225665.0,1218417.1923076923
1516573984.8,2018-01-21 22:33:04.800000,1225710,1000000,1225600,1000000,7700000,12900000,1230250.0,1206436.8217054263,1225655.0,1218343.410852713
1516573984.8,2018-01-21 22:33:04.800000,1225710,1000000,1225620,80000,7700000,12980000,1230250.0,1206555.0539291217,1225665.0,1218402.5269645608
1516573984.8,2018-01-21 22:33:04.800000,1225710,1000000,1225600,1000000,7700000,12900000,1230250.0,1206436.8217054263,1225655.0,1218343.410852713
1516573984.8,2018-01-21 22:33:04.800000,1225710,1000000,1225620,100000,7700000,13000000,1230250.0,1206584.3846153845,1225665.0,1218417.1923076923
1516573984.8,2018-01-21 22:33:04.800000,1225710,1000000,1225600,1000000,7700000,12900000,1230250.0,1206436.8217054263,1225655.0,1218343.410852713
1516573984.8,2018-01-21 22:33:04.800000,1225710,1000000,1225620,80000,7700000,12980000,1230250.0,1206555.0539291217,1225665.0,1218402.5269645608
1516573984.9,2018-01-21 22:33:04.900000,1225710,1000000,1225600,1000000,7700000,12900000,1230250.0,1206436.8217054263,1225655.0,1218343.410852713
1516573984.9,2018-01-21 22:33:04.900000,1225710,1000000,1225620,100000,7700000,13000000,1230250.0,1206584.3846153845,1225665.0,1218417.1923076923
1516573984.9,2018-01-21 22:33:04.900000,1225710,1000000,1225600,1000000,7700000,12900000,1230250.0,1206436.8217054263,1225655.0,1218343.410852713
1516573984.9,2018-01-21 22:33:04.900000,1225710,1000000,1225620,80000,7700000,12980000,1230250.0,1206555.0539291217,1225665.0,1218402.5269645608
1516573985.8,2018-01-21 22:33:05.800000,1225710,1000000,1225600,1000000,7700000,12900000,1230250.0,1206436.8217054263,1225655.0,1218343.410852713
1516573985.9,2018-01-21 22:33:05.900000,1225710,1000000,1225620,100000,7700000,13000000,1230250.0,1206584.3846153845,1225665.0,1218417.1923076923
1516573985.9,2018-01-21 22:33:05.900000,1225710,1000000,1225600,1000000,7700000,12900000,1230250.0,1206436.8217054263,1225655.0,1218343.410852713
1516573985.9,2018-01-21 22:33:05.900000,1225710,1000000,1225620,80000,7700000,12980000,1230250.0,1206555.0539291217,1225665.0,1218402.5269645608
1516573985.9,2018-01-21 22:33:05.900000,1225710,1000000,1225600,1000000,7700000,12900000,1230250.0,1206436.8217054263,1225655.0,1218343.410852713
1516573985.9,2018-01-21 22:33:05.900000,1225710,1000000,1225620,100000,7700000,13000000,1230250.0,1206584.3846153845,1225665.0,1218417.1923076923
1516574001.6,2018-01-21 22:33:21.600000,1225690,1000000,1225620,100000,7700000,13000000,1230247.4025974027,1206584.3846153845,1225655.0,1218415.8936063936
1516574001.6,2018-01-21 22:33:21.600000,1225730,1000000,1225620,100000,3700000,8000000,1234647.2972972973,1194805.875,1225675.0,1214726.5861486485
1516574001.6,2018-01-21 22:33:21.600000,1225710,1000000,1225620,100000,3700000,8000000,1234641.8918918918,1194805.875,1225665.0,1214723.883445946
1516574001.8,2018-01-21 22:33:21.800000,1225670,1000000,1225620,100000,7700000,13000000,1230201.948051948,1206578.2307692308,1225645.0,1218390.0894105895
1516574001.8,2018-01-21 22:33:21.800000,1225700,1000000,1225620,100000,3700000,8000000,1234639.189189189,1194804.625,1225660.0,1214721.9070945946
1516574009.8,2018-01-21 22:33:29.800000,1225670,1000000,1225570,1000000,7700000,12900000,1230201.948051948,1206415.8914728682,1225620.0,1218308.9197624081
1516574009.8,2018-01-21 22:33:29.800000,1225700,1000000,1225600,1000000,3700000,7900000,1234636.4864864864,1194413.2911392406,1225650.0,1214524.8888128635
1516574009.8,2018-01-21 22:33:29.800000,1225670,1000000,1225610,100000,7700000,13000000,1230201.948051948,1206563.5384615385,1225640.0,1218382.7432567433
1516574009.8,2018-01-21 22:33:29.800000,1225700,1000000,1225610,100000,3700000,8000000,1234636.4864864864,1194803.25,1225655.0,1214719.868243243
1516574011.2,2018-01-21 22:33:31.200000,1225850,1000000,1225610,100000,6700000,13000000,1230878.3582089553,1206563.5384615385,1225730.0,1218720.9483352469
1516574011.2,2018-01-21 22:33:31.200000,1225750,1000000,1225610,100000,7700000,13000000,1230212.3376623376,1206563.5384615385,1225680.0,1218387.9380619382
1516574011.2,2018-01-21 22:33:31.200000,1225720,1000000,1225610,100000,3700000,7000000,1234641.8918918918,1190403.7142857143,1225665.0,1212522.803088803
1516574011.3,2018-01-21 22:33:31.300000,1225740,1000000,1225610,100000,3700000,7000000,1234647.2972972973,1190403.7142857143,1225675.0,1212525.5057915058
1516574011.3,2018-01-21 22:33:31.300000,1225760,2000000,1225610,100000,8700000,12000000,1229701.7241379311,1204985.5,1225685.0,1217343.6120689656
1516574012.2,2018-01-21 22:33:32.200000,1225680,1000000,1225610,100000,7700000,13000000,1230203.2467532468,1206569.6923076923,1225645.0,1218386.4695304695
1516574012.2,2018-01-21 22:33:32.200000,1225740,1000000,1225620,1000000,3700000,8000000,1234647.2972972973,1194805.75,1225680.0,1214726.5236486485
1516574012.2,2018-01-21 22:33:32.200000,1225720,1000000,1225620,1000000,3700000,8000000,1234641.8918918918,1194805.75,1225670.0,1214723.820945946
1516574018.7,2018-01-21 22:33:38.700000,1225680,1000000,1225590,1000000,7700000,12900000,1230203.2467532468,1206420.542635659,1225635.0,1218311.8946944529
1516574018.7,2018-01-21 22:33:38.700000,1225680,1000000,1225630,80000,7700000,12980000,1230203.2467532468,1206538.936825886,1225655.0,1218371.0917895664
1516574018.7,2018-01-21 22:33:38.700000,1225720,1000000,1225630,80000,3700000,7980000,1234644.5945945946,1194730.0,1225675.0,1214687.2972972973
1516574019.9,2018-01-21 22:33:39.900000,1225850,1000000,1225630,80000,6700000,12980000,1230878.3582089553,1206538.936825886,1225740.0,1218708.6475174206
1516574019.9,2018-01-21 22:33:39.900000,1225760,2000000,1225630,80000,8700000,12980000,1229701.7241379311,1206538.936825886,1225695.0,1218120.3304819085
1516574019.9,2018-01-21 22:33:39.900000,1225730,1000000,1225630,80000,3700000,6980000,1234647.2972972973,1190304.4985673353,1225680.0,1212475.8979323162
1516574020.0,2018-01-21 22:33:40.000000,1225770,2000000,1225630,80000,8700000,11980000,1229704.0229885057,1204951.2020033388,1225700.0,1217327.6124959223
1516574020.4,2018-01-21 22:33:40.400000,1225800,2000000,1225630,80000,8700000,11980000,1229710.91954023,1204952.03672788,1225715.0,1217331.478134055
1516574020.4,2018-01-21 22:33:40.400000,1225730,1000000,1225640,1000000,3700000,7980000,1234647.2972972973,1194732.5062656642,1225685.0,1214689.9017814808
1516574020.4,2018-01-21 22:33:40.400000,1225750,1000000,1225640,1000000,3700000,7980000,1234652.7027027027,1194732.5062656642,1225695.0,1214692.6044841835
1516574020.9,2018-01-21 22:33:40.900000,1225760,1000000,1225630,80000,7700000,12980000,1230213.6363636365,1206543.559322034,1225695.0,1218378.5978428354
1516574021.8,2018-01-21 22:33:41.800000,1225760,400000,1225630,80000,7100000,12980000,1230590.0,1206543.559322034,1225695.0,1218566.779661017
1516574021.8,2018-01-21 22:33:41.800000,1225800,2000000,1225630,80000,8700000,12980000,1229710.91954023,1206543.559322034,1225715.0,1218127.239431132
1516574022.0,2018-01-21 22:33:42.000000,1225760,1000000,1225640,1000000,3700000,7980000,1234658.1081081082,1194733.7593984962,1225700.0,1214695.9337533023
1516574022.0,2018-01-21 22:33:42.000000,1225770,1000000,1225640,1000000,3700000,7980000,1234660.810810811,1194733.7593984962,1225705.0,1214697.2851046536
1516574022.1,2018-01-21 22:33:42.100000,1225780,1000000,1225640,1000000,3700000,7980000,1234663.5135135136,1194733.7593984962,1225710.0,1214698.6364560048
1516574022.8,2018-01-21 22:33:42.800000,1225770,1000000,1225630,80000,7700000,12980000,1230214.9350649351,1206543.559322034,1225700.0,1218379.2471934846
1516574024.2,2018-01-21 22:33:44.200000,1225850,1000000,1225630,80000,6700000,12980000,1230878.3582089553,1206543.559322034,1225740.0,1218710.9587654946
1516574024.2,2018-01-21 22:33:44.200000,1225800,1000000,1225630,80000,7700000,12980000,1230218.831168831,1206543.559322034,1225715.0,1218381.1952454327
1516574024.2,2018-01-21 22:33:44.200000,1225810,1000000,1225630,80000,7700000,11980000,1230220.12987013,1204954.5409015026,1225720.0,1217587.3353858162
1516574024.3,2018-01-21 22:33:44.300000,1225820,1000000,1225630,80000,7700000,12980000,1230221.4285714286,1206546.6409861324,1225725.0,1218384.0347787805
1516574024.5,2018-01-21 22:33:44.500000,1225820,1000000,1225620,2000000,7700000,12900000,1230221.4285714286,1206428.2945736435,1225720.0,1218324.8615725362
1516574024.5,2018-01-21 22:33:44.500000,1225820,1000000,1225650,100000,7700000,13000000,1230221.4285714286,1206576.1538461538,1225735.0,1218398.791208791
1516574024.5,2018-01-21 22:33:44.500000,1225780,1000000,1225650,100000,3700000,8000000,1234668.9189189188,1194813.75,1225715.0,1214741.3344594594
1516574027.3,2018-01-21 22:33:47.300000,1225820,2000000,1225650,100000,8700000,12000000,1229715.5172413792,1204989.1666666667,1225735.0,1217352.341954023
1516574027.5,2018-01-21 22:33:47.500000,1225830,1000000,1225650,100000,7700000,13000000,1230261.6883116884,1206580.7692307692,1225740.0,1218421.2287712288
1516574027.5,2018-01-21 22:33:47.500000,1225780,1000000,1225690,1000000,3700000,8000000,1234668.9189189188,1194820.0,1225735.0,1214744.4594594594
1516574027.5,2018-01-21 22:33:47.500000,1225790,1000000,1225690,1000000,3700000,8000000,1234671.6216216215,1194820.0,1225740.0,1214745.810810811
1516574027.5,2018-01-21 22:33:47.500000,1225830,1000000,1225660,1000000,7700000,13000000,1230261.6883116884,1206597.6923076923,1225745.0,1218429.6903096903
1516574028.3,2018-01-21 22:33:48.300000,1225830,1000000,1225690,80000,7700000,12980000,1230261.6883116884,1206568.5824345145,1225760.0,1218415.1353731016
1516574028.8,2018-01-21 22:33:48.800000,1225830,1000000,1225660,1000000,7700000,12900000,1230261.6883116884,1206450.0,1225745.0,1218355.8441558443
1516574028.8,2018-01-21 22:33:48.800000,1225830,1000000,1225690,100000,7700000,13000000,1230261.6883116884,1206598.0,1225760.0,1218429.8441558443
1516574029.6,2018-01-21 22:33:49.600000,1225850,1000000,1225690,100000,7700000,13000000,1230269.4805194805,1206604.1538461538,1225770.0,1218436.817182817
1516574029.6,2018-01-21 22:33:49.600000,1225790,1000000,1225700,1000000,3700000,8000000,1234674.3243243243,1194823.0,1225745.0,1214748.6621621621
1516574029.6,2018-01-21 22:33:49.600000,1225800,1000000,1225700,1000000,3700000,8000000,1234677.027027027,1194823.0,1225750.0,1214750.0135135134
1516574029.6,2018-01-21 22:33:49.600000,1225810,1000000,1225700,1000000,3700000,8000000,1234679.7297297297,1194823.0,1225755.0,1214751.3648648649
1516574029.7,2018-01-21 22:33:49.700000,1225810,1000000,1225710,1000000,3700000,8000000,1234679.7297297297,1194824.25,1225760.0,1214751.9898648649
1516574029.7,2018-01-21 22:33:49.700000,1225820,1000000,1225710,1000000,3700000,8000000,1234682.4324324324,1194824.25,1225765.0,1214753.3412162163
1516574033.9,2018-01-21 22:33:53.900000,1225820,1000000,1225730,1000000,3700000,8000000,1234693.2432432433,1194831.75,1225775.0,1214762.4966216218
1516574033.9,2018-01-21 22:33:53.900000,1225840,1000000,1225730,1000000,3700000,8000000,1234698.6486486488,1194831.75,1225785.0,1214765.1993243243
1516574033.9,2018-01-21 22:33:53.900000,1225870,1000000,1225700,1000000,8700000,12000000,1229818.9655172413,1205025.3333333333,1225785.0,1217422.1494252873
1516574034.8,2018-01-21 22:33:54.800000,1225870,1000000,1225730,100000,8700000,12000000,1229818.9655172413,1205025.6666666667,1225800.0,1217422.316091954
1516574035.7,2018-01-21 22:33:55.700000,1225870,1500000,1225730,100000,8200000,12000000,1230059.756097561,1205025.6666666667,1225800.0,1217542.7113821139
1516574035.7,2018-01-21 22:33:55.700000,1225870,1000000,1225730,100000,7700000,12000000,1230331.8181818181,1205025.6666666667,1225800.0,1217678.7424242424
1516574035.7,2018-01-21 22:33:55.700000,1225840,1000000,1225750,1000000,3700000,8000000,1234698.6486486488,1194834.75,1225795.0,1214766.6993243243
1516574035.7,2018-01-21 22:33:55.700000,1225860,1000000,1225750,1000000,3700000,8000000,1234704.054054054,1194834.75,1225805.0,1214769.402027027
1516574035.7,2018-01-21 22:33:55.700000,1225860,1000000,1225760,1000000,3700000,8000000,1234709.4594594594,1194838.5,1225810.0,1214773.9797297297
1516574035.7,2018-01-21 22:33:55.700000,1225880,1000000,1225760,1000000,3700000,8000000,1234714.8648648649,1194838.5,1225820.0,1214776.6824324324
1516574035.8,2018-01-21 22:33:55.800000,1225880,1000000,1225780,1000000,3700000,8000000,1234717.5675675676,1194842.25,1225830.0,1214779.9087837837
1516574035.8,2018-01-21 22:33:55.800000,1225900,1000000,1225780,1000000,3700000,8000000,1234722.972972973,1194842.25,1225840.0,1214782.6114864866
1516574035.8,2018-01-21 22:33:55.800000,1225870,1000000,1225740,1000000,7700000,12000000,1230337.012987013,1205029.0,1225805.0,1217683.0064935065
1516574035.8,2018-01-21 22:33:55.800000,1225870,1000000,1225750,1000000,7700000,12000000,1230337.012987013,1205029.8333333333,1225810.0,1217683.423160173
1516574035.8,2018-01-21 22:33:55.800000,1225900,1000000,1225800,1000000,3700000,8000000,1234722.972972973,1194844.75,1225850.0,1214783.8614864866
1516574035.8,2018-01-21 22:33:55.800000,1225870,1000000,1225760,1000000,7700000,12000000,1230337.012987013,1205030.6666666667,1225815.0,1217683.83982684
1516574035.8,2018-01-21 22:33:55.800000,1225870,1000000,1225770,1000000,7700000,12000000,1230337.012987013,1205031.5,1225820.0,1217684.2564935065
1516574035.8,2018-01-21 22:33:55.800000,1225910,1000000,1225810,1000000,3700000,8000000,1234725.6756756757,1194846.0,1225860.0,1214785.8378378379
1516574035.8,2018-01-21 22:33:55.800000,1225870,1000000,1225780,1000000,7700000,12000000,1230337.012987013,1205032.3333333333,1225825.0,1217684.673160173
1516574036.2,2018-01-21 22:33:56.200000,1225870,779000,1225780,1000000,7479000,12000000,1230469.0105629095,1205032.3333333333,1225825.0,1217750.6719481214
1516574036.4,2018-01-21 22:33:56.400000,1225880,1000000,1225780,1000000,7700000,13000000,1230340.9090909092,1206619.076923077,1225830.0,1218479.993006993
1516574036.7,2018-01-21 22:33:56.700000,1225870,1000000,1225780,1000000,7700000,13000000,1230339.6103896103,1206619.076923077,1225825.0,1218479.3436563436
1516574039.5,2018-01-21 22:33:59.500000,1225920,1000000,1225780,1000000,6700000,13000000,1231005.223880597,1206619.076923077,1225850.0,1218812.150401837
1516574039.5,2018-01-21 22:33:59.500000,1225880,1000000,1225780,1000000,7700000,13000000,1230339.6103896103,1206619.076923077,1225830.0,1218479.3436563436
